3300 5225
409 587 513 638 crem
541 585 679 644 arxrv.
703 589 1033 644 surranurururr.
1190 575 1279 646 4483

127 735 133 752 “
162 735 262 789 aetum
276 729 362 790 morli
374 739 489 811 tempor
502 729 681 803 ndreninet,
697 741 846 814 postrema
862 735 995 796 oratione
1008 735 1117 798 ell'etm
1128 745 1237 814 Appiae.

162 833 330 907 presentes,
347 827 377 886 in
395 827 565 906 hujusmodi
581 829 674 890 rerba
691 830 833 911 prorupit.

202 911 253 982 ul.
275 923 436 983 ‘Alterum
449 942 549 985 eorum
562 945 630 1008 qure
650 925 680 986 in
700 927 843 990 concione
860 929 1117 1008 promiseram

162 1018 248 1090 solvi,
257 1039 391 1101 nequem
401 1019 583 1101 proditorum
595 1021 711 1103 prodite
721 1023 896 1106 perditaque
904 1026 1002 1106 petrin
1011 1025 1117 1096 letari,

164 1123 215 1176 aut
223 1116 329 1178 saltem
339 1136 489 1197 superenne
502 1119 635 1199 pereunti
645 1129 762 1201 paterer
772 1139 779 1180 ε
802 1140 881 1182 nune
891 1121 1014 1182 alterins
1027 1121 1119 1182 etiam

164 1212 334 1292 prestanda
343 1211 419 1273 lidee
431 1222 486 1284 eet,
500 1233 537 1274 ne
547 1223 579 1274 et
591 1215 653 1296 ipee
666 1218 819 1298 supersim.
849 1216 935 1286 Quid
947 1219 1121 1278 contrahitis

164 1309 285 1382 frontes,
294 1311 404 1370 amici?
425 1310 508 1378 Quid
522 1312 759 1374 abominantibus
769 1314 894 1375 similem
907 1313 1023 1376 voltum
1033 1313 1120 1395 fingi-

164 1407 222 1468 tial
244 1405 333 1467 Nibil
351 1408 432 1468 triete
451 1407 542 1470 locuti
564 1429 671 1471 eumue.
713 1410 788 1473 Non
805 1421 915 1472 temere
931 1411 1002 1472 mibi
1017 1422 1122 1493 enpuu

165 1504 362 1566 estmoriendi
372 1505 512 1584 impetur:
527 1527 622 1587 neque
630 1509 753 1590 poenitet
763 1509 874 1591 incepti
883 1509 1010 1592 pigetve.
1033 1508 1121 1570 Idem

166 1605 281 1664 enimus
291 1602 330 1661 ad
343 1597 529 1662 efficiendum
543 1604 623 1684 qnod
637 1607 774 1686 proposui
788 1605 925 1677 sufficiet,
937 1607 991 1687 qui
1001 1605 1040 1668 ad
1049 1629 1121 1668 eon-

165 1700 336 1782 cipiendum
348 1698 482 1769 suffecitr
504 1708 535 1761 et
551 1701 631 1781 quo'd
644 1703 798 1763 concilium
813 1702 939 1765 dictem
959 1705 1045 1777 ratio,
1062 1705 1122 1766 vir·

167 1806 213 1858 trra
225 1806 399 1877 exequetur.

207 1900 258 1955 Ὦ.
279 1905 288 1931 ⁴
302 1893 381 1955 Sene
391 1893 465 1955 nibil
476 1895 564 1956 miror
577 1916 631 1957 vor
643 1897 754 1958 moveri
767 1898 951 1978 cogitatione
961 1918 1064 1960 earnm
1074 1917 1122 1959 re·

168 2011 242 2063 rum,
260 2013 336 2072 quae
352 1991 482 2071 vulgaris
498 2013 578 2055 error
590 1995 719 2055 omniurn
732 2015 795 2055 eme
809 1995 1012 2057 ecerbieeimar
1024 1995 1122 2058 linxit.

168 2091 253 2152 Nem
267 2101 298 2152 et
310 2112 364 2152 noe
374 2093 403 2152 iu
416 2091 521 2152 eedem
534 2093 672 2174 opinione
684 2093 811 2155 luimus:
825 2103 857 2154 et
869 2095 992 2155 nimium
1004 2094 1056 2155 din
1069 2096 1123 2156 bo-

168 2207 272 2248 norum
290 2189 419 2249 omnium
441 2209 588 2250 nummum
609 2200 700 2272 atque
716 2191 880 2252 marimum
893 2193 986 2252 vitum
998 2212 1061 2252 eree
1074 2212 1123 2252 en·

169 2305 233 2346 mue
246 2285 388 2346 arbitrati.
431 2285 492 2347 Sed
505 2306 565 2366 quo
579 2287 715 2348 nimirum
728 2287 850 2368 propius
862 2286 901 2349 ed
914 2287 1043 2348 confinia
1053 2289 1124 2349 vitre

169 2391 200 2442 et
212 2383 313 2443 mortis
330 2381 451 2454 eocedo,
473 2380 634 2444 dilucidius
654 2383 726 2464 quid
743 2385 821 2444 inter
833 2393 989 2465 utramque
1006 2385 1046 2445 rit
1058 2405 1124 2466 per*

169 2480 274 2561 spicio.
316 2478 435 2541 Idcirco
448 2479 526 2540 idem
540 2479 605 2552 ille,
617 2481 669 2562 qui
680 2501 758 2562 sepe
775 2479 908 2548 Deorum
921 2481 1004 2543 velut
1016 2482 1124 2543 inridi-

169 2597 219 2638 am
231 2578 382 2650 accusari,
394 2576 475 2660 quod
487 2577 610 2639 mortele
621 2579 772 2641 bominum
781 2577 1032 2659 genuelecemnt3
1046 2601 1126 2643 nuno

170 2664 401 2738 miscricordiam
413 2675 515 2748 leudo,
529 2696 581 2757 per
593 2696 683 2757 quem
695 2677 837 2738 effectum
850 2686 906 2749 eet,
919 2678 1009 2739 need
1022 2700 1126 2760 perpe-

169 2782 253 2835 tuam
265 2774 359 2835 vitam
372 2776 459 2854 pejua
468 2792 558 2854 quam
572 2774 610 2834 ed
622 2773 744 2835 metelle
756 2773 901 2846 damnati,
915 2774 977 2835 eine
985 2776 1126 2847 remedio,

170 2872 233 2933 eine
246 2889 298 2953 epe
311 2879 364 2932 aut
376 2870 443 2931 linie
461 2880 514 2932 eut
525 2871 617 2945 modi,
631 2872 803 2951 gravissima
815 2890 942 2953 quaeque
955 2880 987 2933 et
1000 2873 1127 2933 acerbis·

171 2970 247 3029 rime
257 2976 403 3029 tormenta
420 2976 597 3049 pateremur.
638 2968 667 3029 Ο
686 2989 739 3029 noe
753 2970 896 3048 ingratos,
909 2969 961 3049 qui
978 2970 1128 3049 optetini·

172 3086 254 3125 mum
277 3064 411 3125 Deorum
432 3062 611 3125 beneficium
633 3064 788 3139 bectenue,
814 3074 957 3146 tanquam
984 3066 1129 3146 insignem

173 3162 324 3241 injuriam,
337 3160 485 3222 criminati
503 3160 619 3221 enmuel

214 3266 266 3321 33.
287 3258 419 3339 ‘Neque
432 3258 481 3318 bio
494 3258 644 3318 numinum
658 3257 869 3319 benevolentia
878 3259 972 3320 stetit.
1002 3256 1130 3317 Miseno
1149 3312 1153 3319 .

174 3356 309 3419 elnltitire
323 3356 605 3427 bumanmmieerta
617 3353 754 3427 sonuere,
769 3377 805 3417 ne
819 3358 886 3437 quie
898 3355 1002 3417 volenn
1013 3354 1130 3415 nolens·

175 3456 278 3537 quein
291 3454 395 3515 iisdem
408 3452 546 3513 erumnis
563 3461 706 3534 perpetuo
724 3463 843 3533 ageretg
865 3454 937 3513 mire
949 3452 1134 3534 dispensavit

176 3563 332 3633 utramque
353 3560 472 3621 sortem,
489 3558 523 3609 ut
544 3550 727 3611 moriendum
744 3550 794 3610 vel
812 3552 914 3612 invitis
931 3559 1018 3620 ercet,
1030 3550 1132 3611 vivere

176 3672 264 3712 nemo
279 3657 443 3729 cogeretur.
485 3646 570 3708 Nem
584 3648 614 3707 in
629 3668 717 3707 menn
736 3658 837 3709 noema
855 3650 964 3730 poenit,
982 3656 1026 3716 ut,
1044 3666 1132 3726 quem
1262 3665 1264 3669 ·

177 3748 341 3830 eliquando
368 3745 457 3805 linem
488 3744 617 3805 ellature
645 3754 753 3805 nutura
780 3754 868 3816 ercet,
895 3763 964 3805 eum
993 3741 1133 3804 voluntas

177 3846 426 3928 quandocumque
436 3844 598 3924 optavisset
605 3850 838 3923 repraesentaret.
860 3841 980 3903 Idcirco
989 3858 1075 3900 nemo
1084 3858 1132 3899 me

178 3953 263 4027 putet
283 3942 442 4012 infelicem,
458 3940 482 3999 ei
497 3940 554 4000 hoc
567 3948 700 4020 tempore
718 3941 783 4001 rite
800 3940 888 4011 abeo,
902 3938 984 4019 quod
1001 3936 1132 3997 omnium

178 4062 241 4103 enee
254 4036 530 4121 opportunissimum
545 4035 693 4115 judicavi.
735 4036 790 4097 Ad
806 4056 899 4097 annor
918 4036 994 4095 forte
1011 4035 1135 4113 triginta

178 4149 232 4201 eut
256 4136 456 4219 quadraginta
472 4134 502 4192 in
521 4133 585 4215 peri
603 4152 719 4193 mecum
733 4134 901 4195 conditione
910 4153 1013 4194 omnes
1031 4149 1134 4211 reque·

178 4239 222 4299 lee
235 4238 294 4299 mei
307 4242 402 4295 erunt.
444 4230 505 4292 Sed
524 4230 641 4291 illorum
660 4226 746 4291 multi
765 4231 906 4314 pleraque
926 4233 1039 4291 intereo
1057 4238 1133 4289 tem·
1267 4260 1273 4278 ·

179 4335 258 4416 poris
277 4333 436 4415 patientur,
457 4350 524 4409 qure
547 4337 640 4388 morte
663 4329 793 4389 tristiore
813 4349 876 4390 eene
897 4328 954 4409 ipsi
973 4327 1133 4387 leteentur.

183 4432 249 4511 Ego
274 4430 361 4490 laetus
384 4426 556 4507 lubensque,
581 4444 640 4485 non
668 4426 730 4485 eine
758 4426 867 4487 solatio
889 4444 1030 4486 cneorum
1053 4442 1133 4505 eaepe
