3300 5225
419 605 525 658 uruat
550 607 698 660 nxxxr.
721 611 1045 668 surruruuuruu.
1199 605 1288 674 4605

171 760 234 814 tum
246 749 355 823 luerat,
368 749 551 814 labefactata
564 755 654 816 turria
664 753 819 829 Archelai,
832 777 901 819 cum
914 761 1028 822 ruinam
1039 761 1124 822 raini-

169 859 294 922 taretur,
307 852 386 911 intra
395 850 505 912 moenia
516 849 640 912 reducta
651 862 706 914 eat.

209 953 261 1009 22
283 947 406 1010 Interea
418 948 512 1028 magia
524 950 674 1030 magiaque
687 950 833 1029 gliscebat
847 954 878 1012 in
897 953 969 1015 urbe
986 955 1124 1020 Athena·
1152 957 1235 1014 Porid.
1245 978 1286 1029 ap.

169 1065 233 1106 rurn
245 1044 350 1106 iarnea
391 1042 476 1106 Nam
488 1043 628 1105 immenti
645 1046 766 1127 quidem
780 1069 885 1129 parurn
898 1051 1009 1122 incret;
1031 1063 1061 1114 et
1075 1063 1122 1136 ty·
1136 1026 1229 1146 *1⁴3⁹*
1239 1044 1264 1078 '⁸

74 1191 78 1194 .
168 1163 277 1206 rannua
288 1143 437 1204 choeaicce
447 1141 551 1203 hordei
560 1143 590 1204 in
601 1143 814 1226 quatriduum,⁶
826 1145 1003 1226 gallinarum
1013 1151 1122 1224 verius,

167 1258 259 1322 quarn
270 1240 433 1312 boninum
443 1238 620 1310 dimenaum,
632 1240 798 1304 dividebat.
841 1242 914 1314 Sed,
928 1245 985 1306 hac
997 1247 1122 1308 neceaai·

166 1345 229 1398 tate
241 1336 469 1397 Atheniensium
483 1336 615 1416 cognita,
631 1337 703 1400 licet
717 1348 885 1412 cuntauter,
898 1339 936 1401 de
949 1343 1063 1424 integro
1076 1353 1121 1406 ta·
1132 1355 1241 1424 Appiau.

167 1453 234 1494 rnen
246 1433 416 1495 Archelaua
424 1431 556 1495 delectus
564 1453 632 1494 cum
642 1434 762 1496 cibariis
774 1438 862 1498 misit
893 1437 946 1509 Et,
956 1440 1027 1520 quia
1037 1439 1123 1521 prodi

166 1530 292 1593 consilia
302 1551 357 1591 aua
364 1529 624 1602 animadverterat,
636 1531 741 1594 eudem
752 1542 885 1615 tempore
897 1537 1007 1596 circum
1022 1545 1123 1618 portua
1235 1601 1240 1611 .

166 1629 299 1690 validam
311 1629 440 1710 opperiri
452 1647 572 1688 manum
580 1629 680 1708 juaait,
700 1639 734 1690 ut
753 1628 842 1711 Sylla
856 1632 885 1690 in
904 1631 1121 1694 frumentatori-

166 1726 221 1787 bua
231 1725 388 1807 capiundis
398 1733 557 1806 occupatu,
570 1744 638 1785 curn
655 1724 772 1786 lacibus
792 1725 832 1786 ad
851 1726 1036 1794 incendenda
1054 1727 1120 1790 Ru-

165 1843 320 1884 manorum
331 1843 423 1904 opera
435 1820 612 1903 prosilirent.
654 1821 799 1904 Utrinque
820 1845 875 1906 pro
894 1846 945 1907 ape
967 1825 1120 1908 expeditio

164 1922 238 1983 luit:
256 1920 345 2003 Sylla
355 1927 554 1982 commeatum
569 1929 721 2001 portantea
732 1923 870 2004 excepit;
886 1922 1054 1984 Archelaus
1064 1925 1119 1986 eli·

164 2031 238 2100 qaut
246 2019 398 2080 machinae
408 2017 541 2098 corrupit
552 2017 701 2080 incendic.
772 2055 778 2064 -

202 2123 255 2178 28.
277 2115 370 2178 Circa
381 2113 487 2176 eadem
504 2124 638 2196 tempora
654 2113 737 2176 tilius
755 2113 941 2178 Mithridatia
958 2117 1120 2180 Arcathiaa

163 2234 231 2277 curn
244 2214 308 2275 alic
318 2213 453 2274 exercitu
464 2213 494 2272 in
507 2210 718 2272 Macedoniam
728 2213 901 2293 irrumpere,
914 2211 1119 2276 Romanorum

163 2307 413 2392 mudicaa'cupiae
429 2307 511 2370 haud
532 2327 611 2388 egre
630 2307 759 2390 expulit,
776 2328 952 2390 omnemque
971 2309 1118 2372 Macedo-

162 2411 242 2471 niarn
254 2410 285 2472 in
298 2405 490 2490 prefectum
500 2403 639 2475 divisam,
652 2404 766 2466 idoneis
777 2404 944 2466 huminibus
955 2406 1117 2468 distribuit.

164 2505 283 2567 Deinde
306 2521 415 2583 magno
435 2520 504 2562 curn
527 2510 673 2583 apparatu
693 2510 798 2563 contra
818 2500 936 2582 Syllam
957 2503 1116 2585 protectur,

160 2603 393 2686 haudquaquam
412 2618 512 2682 parem
529 2599 592 2680 apei
604 2607 744 2661 eventurn
756 2598 873 2672 hahuit,
886 2600 967 2663 circa
979 2599 1116 2668 Tidaeum

161 2702 266 2763 norbo
278 2701 437 2761 extinctu

200 2804 253 2859 Μ.
272 2794 374 2857 'l'antc
391 2795 505 2855 minure
523 2792 659 2853 molestia
677 2792 836 2855 Rumuuua
850 2794 1117 2881 imperatcrctepta

160 2913 330 2977 perurgere,
351 2891 499 2962 Athenae
521 2901 556 2952 ut
575 2910 692 2951 ornnem
714 2910 774 2951 non
796 2889 886 2951 modu
906 2904 1115 2969 commeatum,

158 2992 211 3053 aed
230 2994 323 3053 etiarn
337 2988 439 3069 lugam
451 2989 652 3069 interciperet,
668 2986 801 3049 castellis
818 2987 1033 3051 circumdedit:
1055 3013 1116 3074 quc

160 3089 261 3172 pluteo
281 3088 312 3148 in
329 3086 476 3147 exhausta
493 3085 568 3147 urhe
588 3082 807 3155 clauderentur,
828 3104 865 3145 eo
885 3084 1057 3149 celeriorem
1074 3110 1114 3152 ex

157 3187 237 3247 tanne
246 3184 428 3246 deditionem
437 3202 568 3264 aperana
590 3180 645 3242 Ad
655 3180 810 3243 Piraeum
818 3181 879 3243 uim
893 3180 1033 3245 adhibere
1043 3205 1114 3247 con-

157 3284 263 3345 uultiua
271 3284 380 3352 rhum,
392 3279 566 3361 eductiaque
582 3280 614 3339 in
627 3280 741 3359 juetam
754 3276 942 3339 altitudinem
957 3282 1115 3361 aggeribus

157 3380 303 3442 machine
328 3377 486 3459 impunitae.
540 3374 589 3435 At
609 3374 780 3437 Archelaua
805 3382 886 3435 terra
908 3376 986 3437 clarn
1012 3388 1115 3457 egesta

156 3477 334 3539 exinanibat
352 3494 451 3556 ophax
485 3472 594 3545 donec,
616 3470 787 3533 subsidente
816 3471 906 3543 mole,
931 3472 1049 3554 prodita
1069 3494 1115 3537 rea

157 3584 214 3646 ent,
227 3572 424 3654 deductisque
445 3570 590 3631 machhu
609 3567 744 3629 Romani
764 3588 903 3648 aggerem
916 3570 1114 3653 repleverunt.

158 3669 289 3741 Deinde,
302 3679 408 3731 contra
419 3666 573 3731 curriculo·
588 3664 732 3727 Archelai
750 3665 818 3726 aliia
829 3666 942 3728 effuaria
954 3669 1113 3743 cuniculis,

155 3779 187 3831 et
198 3768 256 3829 cub
267 3768 334 3849 ipae
342 3766 450 3828 rnoecia
463 3762 624 3846 productis,
637 3784 715 3845 cepe
727 3763 784 3824 nub
796 3772 876 3825 terra
889 3764 965 3825 inter
976 3766 1113 3841 funerea,

156 3876 191 3928 ut
200 3866 279 3928 torte
291 3865 347 3925 ribi
356 3870 555 3932 occurrerant,
566 3859 660 3921 haetia
672 3858 840 3941 gladiiaque
855 3870 1016 3942 pugnaturn
1026 3872 1081 3923 eat.

196 3970 247 4025 25.
270 3961 352 4023 Haec
361 3960 433 4021 dum
446 3961 489 4021 ita
501 3959 588 4030 liunt,
601 3956 759 4019 Romanus
768 3957 869 4018 multia
878 3960 918 4019 ab
930 3978 1035 4039 aggere
1047 3980 1109 4021 rna·

153 4062 250 4124 chinie
262 4060 390 4123 derude
403 4078 500 4119 mutua
512 4059 605 4117 ariete
617 4056 783 4137 quatiebat.
824 4054 936 4139 Neque
949 4065 1017 4118 ante
1030 4058 1107 4119 deai-

154 4166 219 4219 turn
231 4176 324 4240 quarn
336 4164 419 4236 parte
429 4155 505 4215 rnuri
516 4152 646 4233 dejecta,
660 4151 797 4235 proxima
803 4152 890 4213 trrrria
901 4160 1040 4215 contento
1051 4156 1105 4215 mi·

185 4348 198 4374 ‘
209 4339 333 4391 cto-en
348 4338 433 4389 hordei
447 4338 474 4388 ia
489 4337 613 4401 quatrida-
649 4342 748 4402 quantu
759 4336 842 4399 najur
858 4342 898 4385 ert
909 4334 1011 4387 decima
1028 4344 1105 4403 parte

156 4404 208 4469 ara]
240 4404 351 4457 choeaix
378 4409 471 4468 quater
492 4404 614 4467 cotylam,
649 4400 876 4453 mudiiaurtratie.
896 4402 966 4451 Creu.

153 4475 208 4521 rire
218 4470 359 4533 haninarn,
369 4469 506 4533 continet,
528 4475 558 4519 et
568 4466 615 4519 ali-
