3300 5225
841 562 878 614 Τ.
904 561 1000 615 LlVll

525 700 626 785 Trogo
640 716 772 779 auctore,
788 706 890 769 Gallis
907 709 1077 771 auctoribus
1095 709 1180 769 initis
1198 729 1254 770 sus
1269 708 1390 771 debent.
1431 710 1482 770 At

431 836 439 850 ·
451 818 498 852 ¹1·
525 804 716 867 Placentiam
729 818 761 867 et
773 807 961 879 Cremonam,
976 808 1023 868 Μ.
1033 808 1131 879 Livio,
1143 808 1178 867 L.
1188 807 1482 881 Paulooousulibus,

396 899 404 914 ⁹
488 922 496 937 ·
525 904 580 963 sub
594 902 780 965 Hannibalis
789 905 901 965 bellurn
915 904 1063 967 Romana
1074 906 1199 967 colonia
1211 917 1405 988 occuparunt.

362 2072 441 2123 strab.

364 2261 480 2313 Plinrrr.
490 2264 516 2313 5.
553 2272 561 2285 ·

363 2524 500 2576 Luem

382 3953 412 4003 Ii
412 3969 508 4005 111111

366 4025 409 4071 28·

366 4221 518 4276 Servant

365 4293 496 4420 ffnwltl.

366 4357 450 4474 ld..⁰¹²

565 1008 617 1063 32.
634 1002 664 1061 A
681 1002 774 1063 latere
788 1003 947 1065 Gallorum
958 1024 1051 1083 usque
1063 1003 1103 1064 ad
1114 1024 1195 1063 mare
1208 1002 1400 1065 Adriaticum
1413 1004 1466 1065 Vc

526 1100 586 1159 neti
599 1108 680 1171 sunt,
693 1103 907 1181 antiquissimae
925 1097 1106 1161 celebritatis
1123 1087 1240 1171 nomeu,
1251 1112 1284 1163 et
1295 1102 1384 1163 bodie
1405 1124 1481 1182 quo-

525 1218 585 1278 que
598 1198 796 1278 pulcherrima
807 1201 891 1271 urbe,
906 1220 1001 1278 usque
1020 1201 1136 1278 integra
1158 1198 1247 1261 modo
1262 1200 1413 1271 libertate,
1427 1200 1482 1259 sed

525 1295 616 1355 etium
638 1296 762 1376 imperio
779 1316 837 1357 non
859 1296 1078 1357 contemnendo
1100 1298 1255 1377 prmcipure
1275 1295 1377 1357 lamae.
1418 1296 1483 1357 Sed

525 1390 641 1450 Gallim
654 1391 835 1472 Cispadanae
850 1393 973 1471 Ligures
986 1391 1023 1452 nd
1044 1412 1124 1452 mare
1144 1394 1190 1451 sui
1209 1394 1334 1454 nominis
1351 1386 1482 1474 prseter-

525 1497 624 1548 nutur.
667 1487 731 1547 His
750 1490 916 1570 antiquitus
935 1500 1027 1571 caput
1045 1489 1156 1550 Genua
1177 1489 1244 1560 luit,
1266 1510 1343 1551 nuuc
1360 1510 1483 1572 quoqne

525 1584 741 1646 florentissima.
784 1585 900 1647 Durum
919 1587 1012 1671 bello,
1030 1588 1184 1667 minusque
1203 1586 1273 1647 fidei
1285 1608 1377 1668 quam
1390 1587 1481 1647 liber-

524 1686 596 1743 tatis
605 1691 698 1744 tenax
710 1704 814 1763 genus,
826 1672 910 1745 arrnd
924 1684 1074 1755 Romans,
1082 1688 1148 1763 jam
1160 1684 1299 1745 Africam
1313 1683 1482 1763 Asiamque

525 1781 640 1860 maguis
651 1782 781 1841 victoriis
794 1782 993 1863 peragrantis,
1004 1802 1082 1862 saepe
1095 1783 1244 1853 sustinuit,
1257 1781 1422 1862 aliquando
1433 1800 1481 1841 ιι-

525 1870 654 1959 press't:
674 1899 771 1959 usqne
792 1878 858 1939 ulls
871 1878 1044 1939 Italicarum
1063 1880 1193 1956 gentium
1212 1880 1304 1939 serius
1316 1878 1484 1961 perdomita

525 1986 581 2037 est.
623 1976 709 2037 Inter
721 1978 786 2037 lraec
795 1997 881 2037 mons
893 1978 1072 2058 Apenninus
1084 2000 1103 2039 a
1117 1978 1274 2056 Liguribus
1287 1999 1340 2060 per
1352 1978 1482 2039 madiam

525 2074 617 2137 terme
635 2074 758 2135 Italiam
781 2083 944 2155 porrectus,
965 2074 1045 2154 apud
1066 2076 1218 2137 Bruttium
1235 2076 1266 2136 in
1285 2076 1346 2137 dno
1358 2076 1484 2137 brachia

525 2172 663 2243 discedit,
686 2171 780 2233 altero
793 2172 1010 2254 leucopetram
1028 2172 1235 2251 Rheginorunr
1254 2176 1429 2255 contingen
1441 2174 1483 2235 sd

527 2269 665 2331 Siculum
683 2270 805 2341 fretum,
822 2271 920 2331 altero
938 2271 1165 2352 promontorium
1185 2270 1351 2343 Lacinium,
1367 2271 1449 2351 qnod
1462 2292 1484 2332 a

526 2368 650 2428 Junouii
661 2368 766 2449 templi
777 2369 957 2429 ornamentis
969 2366 1132 2449 posteriora
1148 2376 1310 2449 tempora‘
1324 2377 1417 2449 capnt
1429 2388 1483 2429 ιι-

380 2457 497 2509 Fun-b.
489 2466 712 2527 ¹¹'lumnorum'
733 2476 925 2527 vocaverunt.
976 2466 1039 2526 Isto
1066 2466 1210 2527 montium
1234 2475 1333 2527 tractu
1359 2466 1484 2545 [ΨΜ

490 2558 676 2636 habitant,
688 2584 763 2645 quos
779 2563 819 2626 ab
835 2563 969 2626 Emissis
988 2563 1067 2625 Arni
1086 2562 1198 2625 fluenta
1211 2573 1360 2646 sepsrnrrt.
1403 2562 1483 2625 Inde

523 2663 590 2741 jam
613 2665 645 2722 in
661 2663 885 2724 mediterraneis
903 2663 1070 2734 Arretium,
1091 2660 1130 2723 ad
1152 2683 1235 2723 mare
1255 2661 1340 2723 Pisae
1360 2672 1430 2723 sunt
1451 2663 1483 2724 iu

526 2761 691 2822 'l'rrsoorum
703 2758 824 2821 tinibus.

569 2865 621 2918 8³.
641 2857 800 2919 Tuscisex
814 2855 912 2937 Lydia
931 2859 1024 2938 repeti
1043 2877 1144 2936 genus,
1157 2877 1213 2918 nec
1235 2857 1345 2928 nescio,
1358 2875 1416 2918 uec
1435 2877 1483 2918 re·

527 2955 616 3015 fello.
655 2955 786 3014 Tantum
798 2963 834 3013 ut
845 2953 971 3032 ingeniis
981 2954 1057 3014 talia
1066 2953 1196 3014 studiose
1209 2954 1385 3014 rimantibus
1393 2973 1485 3031 argn-

527 3060 661 3111 mentum
674 3071 735 3111 nou
747 3051 900 3110 inaruoenae
912 3049 1123 3130 disquisitionis
1134 3052 1303 3129 subjiciam,
1323 3071 1382 3110 uon
1394 3049 1483 3110 dissi·

528 3147 623 3219 mulo,
637 3168 691 3228 per
708 3147 781 3206 mibi
799 3147 906 3206 mirum
924 3147 1031 3218 videri,
1052 3145 1150 3208 nullas
1162 3167 1264 3208 esrum
1277 3148 1410 3226 gentium
1422 3147 1484 3207 ori-
1545 3201 1548 3213 ,

527 3247 625 3325 gines,
639 3245 684 3304 uti
700 3265 781 3304 nuuc
797 3241 889 3322 vulgo
902 3241 967 3304 fieri
979 3246 1098 3316 scimus,
1111 3245 1156 3305 ita
1169 3246 1333 3325 antiquitus
1352 3244 1445 3304 etiam
1464 3265 1484 3304 a

530 3342 697 3402 Germania
708 3342 784 3422 peti,
803 3359 873 3400 cum
893 3349 940 3400 tot
957 3349 1161 3401 extent-nom
1178 3340 1238 3402 ιιι
1258 3341 1336 3401 trabi
1356 3341 1484 3403 fusiles:

528 3440 658 3519 gentium
668 3437 951 3518 septemtrionalium
963 3439 1148 3498 creberrima
1157 3439 1359 3516 migrationes,
1371 3437 1486 3499 vicinia

527 3538 669 3606 locorum,
681 3536 824 3594 sermonis
835 3535 957 3615 quidem
966 3536 1056 3595 etiam
1068 3554 1210 3616 express
1220 3535 1355 3614 vestigia.
1397 3533 1485 3596 Nu

528 3635 609 3694 etin
630 3631 709 3692 Asia
732 3631 889 3713 Lydisque
904 3633 969 3713 ipsa
990 3632 1130 3692 Cimbros
1149 3631 1221 3692 olim
1241 3631 1328 3692 sudes
1345 3631 1485 3692 munt-s

527 3737 656 3802 ιοιιιιι,
676 3738 712 3789 ut
729 3729 819 3789 etiam
833 3728 902 3789 inde
915 3731 1016 3790 venire
1029 3727 1202 3789 Germanici
1213 3729 1366 3808 sanguin‘u
1378 3728 1485 3811 populi

528 3828 695 3909 potuerint:
716 3835 749 3887 et
765 3847 784 3886 e
804 3845 914 3905 magna
929 3825 1093 3886 Germania
1106 3845 1159 3908 per
1176 3825 1275 3906 Alpes
1287 3845 1343 3886 nec
1355 3824 1484 3904 longior,

529 3945 585 3986 nec
597 3923 746 3985 difficilior
757 3926 901 4004 trajectus
912 3932 989 3995 emt,
1002 3944 1091 4004 quum
1111 3933 1217 4004 postea
1236 3921 1341 3983 i'mdem
1353 3921 1487 3982 Cimbris

529 4022 599 4083 suit.
640 4020 794 4082 Praeterea
805 4041 867 4101 qno
879 4031 1011 4101 ternpore
1025 4019 1214 4080 Hannibal
1205 4041 1236 4104 ιιι
1250 4019 1376 4080 Italiam
1388 4029 1485 4079 usus-

530 4121 565 4179 iit
566 4127 701 4200 ,partem
717 4118 843 4198 Alpium
855 4119 1075 4196 semigermsuoe
1089 4127 1190 4196 gentes
1201 4097 1354 4178 tenebant.

571 4223 622 4275 3⁴.
644 4213 767 4276 Nomen
779 4223 879 4274 autern
890 4214 1054 4276 Tuscorum
1074 4225 1196 4294 propter
1214 4212 1425 4273 sacrificiorum
1438 4231 1486 4272 re·

469 4313 656 4402 ΗΙίςίοιιι
674 4331 695 4372 a
712 4311 830 4372 Grecis
850 4313 1019 4392 impositum
1037 4311 1177 4372 credatur
1193 4309 1275 4380 licet,
1290 4307 1485 4390 quemadmo-

534 4414 605 4475 dum
614 4409 676 4469 alia
688 4429 745 4470 non
758 4409 855 4469 minus
867 4409 969 4490 inepta
980 4407 1156 4470 creduntur.
1178 4407 1248 4469 durn
1265 4429 1304 4468 ιι
1317 4409 1485 4487 ignoremus
