3300 5225
898 531 934 580 T·
957 529 1054 578 mvn

581 671 757 735 confirmato
774 673 860 735 illurn
873 673 1088 736 Ariobarzanis
1102 694 1204 754 reguo,
1223 676 1326 736 urbem
1344 675 1484 738 adversus
1493 681 1526 739 ir·

582 773 749 854 ruptionem
758 771 943 833 Mithridatis
951 771 1129 844 condidisse,
1137 773 1278 834 tradunt:
1299 772 1420 845 deinde,
1438 776 1526 836 multis

581 869 785 942 madentibus,
800 869 932 952 Sinopen
945 889 1046 931 versus
1056 871 1193 941 movisse,
1202 872 1302 952 capite
1316 873 1397 950 regni
1407 893 1526 955 occupa-

582 977 626 1040 tu,
636 977 765 1030 ceterum
779 969 809 1028 iu
823 977 940 1049 promtu
950 967 1106 1029 victoriam
1117 966 1182 1028 lore
1195 976 1302 1028 ratum.
1339 967 1401 1028 Sed
1415 969 1527 1030 Mithri-

582 1064 682 1126 datem
695 1065 781 1126 firmo
793 1067 932 1148 imposito
945 1064 1096 1147 presidio,
1104 1065 1200 1146 ipsum
1213 1085 1283 1125 cum
1291 1066 1425 1126 exercitu
1435 1086 1526 1126 oecur-

582 1164 652 1224 risse
670 1163 826 1224 Murena:
848 1163 993 1244 principia
1011 1163 1197 1243 prosperiora
1213 1164 1275 1241 regi
1298 1161 1388 1224 luisse
1397 1184 1408 1232 ;
1430 1162 1526 1224 deinde

582 1279 669 1342 oequo
689 1260 791 1323 Marte
809 1270 924 1342 gestum
941 1261 1067 1333 bellum,
1076 1260 1185 1320 detrito
1202 1270 1392 1341 utrarumque
1409 1263 1526 1343 purtiuu

582 1360 698 1430 ardore,
724 1359 924 1420 consenuirse.
969 1357 1176 1419 Mithridatem
1198 1357 1238 1418 ad
1264 1359 1380 1420 Pbusiu
1402 1358 1526 1430 flurium,

584 1455 742 1518 Murenam
756 1457 785 1516 iu
799 1455 909 1517 Asiam
925 1456 1090 1516 revertime.

625 1560 675 1616 18.
698 1553 780 1614 Dum
793 1555 871 1614 iuter
889 1553 944 1612 has
961 1551 1172 1633 triumpbomm
1190 1570 1325 1632 pompus,
1341 1553 1433 1612 toties
1449 1544 1541 1632 captu'

583 1669 700 1711 suorum
723 1651 813 1710 armis
833 1649 937 1710 Roma
954 1648 1239 1728 gentibusextemis
1259 1641 1423 1729 exprobrat
1445 1649 1527 1708 ricto

419 1763 474 1814 Lis.
485 1761 553 1830 Epic.
583 1747 669 1818 dum,
681 1747 712 1808 iu
726 1747 836 1808 Africa
844 1746 937 1808 ductu
950 1745 1132 1827 imperioque
1145 1744 1204 1805 Cu.
1213 1745 1359 1826 Pompeii
1373 1743 1527 1826 preclurie

435 1861 502 1912 Plut
583 1845 655 1906 sime
668 1853 752 1924 gesta
770 1843 939 1926 respublica
951 1851 1013 1913 est;
1036 1862 1097 1922 quo
1112 1841 1176 1915 ille,
1189 1840 1285 1924 Syllre
1300 1841 1392 1902 literis
1404 1852 1438 1902 et
1454 1863 1527 1902 seua

420 1927 766 2002 ¹³⁰⁰¹1b⁰·¹⁷·tusconsulto
791 1942 935 2022 acceptis,
963 1958 1002 2001 ex
1037 1939 1143 2000 Sicilia
1174 1939 1386 1999 transmiserat.
1429 1937 1530 1998 Currus

419 2043 571 2092 Ornet-tl·
582 2039 662 2100 enim
677 2037 828 2100 Domitius
839 2037 1063 2099 Ahenobarbus
1079 2037 1258 2120 proscriptus
1277 2038 1357 2114 (erat
1371 2039 1453 2096 euim
1465 2037 1529 2096 Ciu·

419 2109 486 2160 ΡΜ
582 2157 629 2198 use
645 2139 747 2216 gener)
768 2155 876 2216 mugna
888 2136 932 2197 ibi
944 2156 1032 2196 manu
1045 2145 1164 2206 coacta,
1177 2131 1347 2217 priusqudm
1358 2135 1457 2214 magis
1466 2155 1530 2195 eon·

582 2233 757 2305 firmaretur,
781 2233 979 2296 debellandus
995 2242 1070 2306 erat,
1087 2255 1125 2294 ne
1144 2253 1250 2314 pacem
1273 2233 1376 2293 Italia
1392 2235 1528 2303 turbaret,

582 2332 663 2414 quod
678 2352 718 2393 ex
735 2332 843 2394 cadem
860 2335 979 2411 regione
996 2331 1036 2393 0.
1053 2331 1168 2394 Marius
1182 2351 1241 2393 non
1262 2332 1306 2392 ita
1323 2330 1440 2412 pridem
1452 2332 1529 2410 longe

583 2431 745 2491 minoribus
767 2431 863 2512 copiis
885 2431 1043 2492 instructus
1066 2430 1191 2492 lecerat.
1233 2429 1414 2510 Pompeius,
1438 2428 1530 2489 relicto

582 2527 635 2608 qul
646 2525 759 2588 Sicilire
772 2536 912 2608 preesset
925 2526 1082 2598 Memmio,
1095 2528 1202 2588 sororis
1212 2545 1275 2586 sue
1284 2526 1361 2597 viro,
1372 2544 1442 2589 cum
1455 2526 1529 2586 uari·

582 2624 639 2683 bus
651 2624 746 2704 longis
757 2632 877 2685 centrum
889 2624 994 2705 viginti
1007 2625 1127 2705 trajecit
1138 2625 1251 2706 copies,
1265 2623 1457 2703 sequentibus
1467 2642 1529 2683 oue·

583 2722 667 2781 rariis
684 2721 872 2801 octingentis,
889 2721 1000 2801 quibus
1013 2729 1205 2791 commeatum,
1224 2740 1317 2791 arma,
1333 2720 1528 2800 pecuniaque,

583 2826 615 2877 et
636 2819 781 2881 machinae
803 2820 1008 2900 portabantur.
1050 2818 1145 2879 Parte
1169 2818 1273 2878 clussis
1293 2816 1397 2877 Uticae
1422 2826 1529 2898 portum

582 2922 714 2987 tenente,
732 2924 817 2997 parte
831 2914 1045 2994 Carthaginem
1063 2913 1200 2995 appulsa,
1218 2912 1307 2973 simul
1327 2911 1431 2973 adesse
1444 2912 1529 2973 Pom·

582 3012 682 3093 peium
701 3012 882 3093 percrebuit,
900 3021 1014 3093 septem
1032 3010 1072 3071 ad
1090 3031 1160 3072 eum
1176 3009 1274 3071 millia
1291 3010 1330 3071 ab
1343 3009 1476 3070 hostibus
1487 3008 1530 3068 de·

580 3108 739 3169 sciverunt.
776 3108 847 3189 Ipse
859 3109 914 3168 mh
925 3108 1016 3188 signis
1029 3128 1083 3168 sex
1096 3107 1228 3186 legiones
1238 3105 1345 3188 plenas
1355 3106 1495 3167 babebat

624 3210 672 3265 19.
695 3204 756 3265 Sed
777 3204 891 3265 inutilis
902 3206 931 3265 ei
951 3226 1004 3286 per
1016 3204 1132 3286 aliquot
1144 3203 1209 3265 dies
1219 3201 1530 3265 exercitusaridiculn

581 3318 673 3361 cauea
685 3301 750 3361 luit.
794 3301 884 3362 Forte
898 3301 1027 3362 militum
1039 3300 1162 3382 quidam
1175 3300 1323 3361 delossum
1334 3300 1410 3360 olim
1424 3302 1454 3359 iu
1468 3318 1531 3377 agro

581 3398 737 3479 pecumm
746 3410 924 3480 repererant.
947 3399 1086 3459 Ealama
1098 3418 1151 3481 per
1162 3406 1531 3479 totaeustraperrugaute,

582 3514 699 3555 omnem
711 3516 779 3557 eam
792 3498 943 3576 regionem
956 3495 1077 3579 plenam
1088 3517 1153 3557 esse
1165 3496 1322 3568 thesauris,
1334 3515 1404 3557 cum
1418 3496 1533 3556 Punica

582 3611 629 3653 res
649 3592 763 3655 floreret
783 3594 976 3666 absconditis,
991 3594 1106 3655 dictum
1124 3594 1212 3654 simul
1230 3592 1322 3674 vulgo
1335 3592 1533 3672 creditumque

581 3698 637 3750 est.
679 3690 757 3752 Inde
770 3690 844 3751 nibil
856 3692 973 3753 rideres
987 3692 1071 3753 uliud
1086 3693 1143 3754 nisi
1163 3712 1267 3774 sparsa
1280 3712 1335 3773 per
1353 3710 1475 3773 campus
1485 3708 1532 3766 ug·

581 3788 663 3847 minu
682 3788 887 3850 effodientium
903 3792 1129 3871 ementiumque
1150 3791 1294 3851 humum:
1314 3810 1413 3870 neque
1431 3784 1533 3848 abduci

582 3884 622 3943 ab
635 3886 692 3951 huc
712 3886 829 3949 usaria
844 3887 908 3947 ulla
920 3888 951 3949 ri
964 3898 1017 3949 aut
1034 3898 1097 3949 arte
1110 3897 1256 3969 poterant
1297 3885 1476 3968 Complures
1494 3884 1534 3941 itt

581 3980 646 4042 dies
667 3984 807 4057 absumti,
826 3986 1029 4047 circumeunte
1049 3985 1209 4067 Pompeio,
1226 4004 1281 4046 uec
1298 3993 1418 4045 tenente
1436 3981 1532 4050 risum,

476 4112 479 4121 .
582 4078 663 4158 quod
678 4090 724 4141 tot
741 4080 837 4142 millia
856 4083 1008 4143 bominum
1025 4082 1208 4146 inverteudis
1226 4083 1315 4163 agris,
1338 4092 1478 4162 tauquam
1493 4076 1533 4135 rei

582 4177 666 4237 serim
680 4178 861 4249 incumbere,
874 4181 1025 4243 cernebat.
1065 4180 1201 4242 Tandem
1219 4182 1301 4241 inani
1314 4177 1416 4240 labore
1427 4176 1531 4237 delati-

582 4274 656 4347 gati‚
666 4274 808 4335 dixerunt
820 4276 983 4358 Pompeio,
1005 4280 1069 4339 ‘uti
1081 4300 1112 4341 se
1124 4300 1186 4361 quo
1196 4278 1292 4340 vellet
1302 4278 1442 4339 duceret:
1462 4272 1533 4333 satis

583 4385 705 4447 mugnus
717 4392 748 4430 se
760 4372 895 4434 stultitiae
908 4394 970 4435 suae
983 4395 1086 4457 poeuus
1096 4375 1234 4441 dedine’
