3300 5225
379 493 471 561 ww
869 506 1021 563 numu

380 651 512 717 Lissus.
546 650 594 713 fus
606 656 808 734 magistratum
821 648 1002 728 inivissent,'
1024 655 1195 717 Mamercus
1212 654 1352 717 AEmilius
1369 674 1439 716 cum
1460 654 1506 722 Q.

547 750 726 833 Pompaedio
739 750 842 813 Silone
859 751 978 813 collatis
997 753 1088 833 signis
1107 752 1272 813 dimicavit.
1316 752 1393 833 Ejus
1406 750 1507 833 praelii

268 879 273 887 ·
369 850 460 903 ”Diod
547 850 672 909 victoria
681 869 771 930 penes
782 848 939 910 Romanos
951 847 1019 919 fuit,
1033 869 1157 929 quorum
1167 847 1248 909 band
1261 850 1305 910 ita
1313 848 1401 909 multi
1414 866 1506 909 occu-

547 946 656 1005 buere:
682 944 721 1005 de
747 944 868 1005 Italicis
886 945 926 1005 ad
943 943 1039 1005 millia
1060 966 1113 1035 sex
1131 955 1200 1005 sunt
1217 943 1395 1005 desiderata.
1439 942 1507 1004 Sub

547 1040 626 1101 idem
638 1048 755 1123 tempus
765 1041 808 1109 Q.
823 1041 967 1101 Metellus
979 1041 1067 1113 Pius,
1081 1042 1133 1121 qui
1146 1040 1183 1101 0.
1196 1040 1345 1101 Cosconio
1355 1058 1507 1099 successe-

547 1146 606 1210 rat,
632 1138 799 1200 Venusiam
818 1138 944 1220 Apuliae
970 1136 1099 1199 nobilem
1121 1138 1237 1208 urbem,
1261 1136 1347 1197 firmo
1366 1135 1508 1218 pmsidio

315 1289 317 1298 .
386 1236 537 1289 Vesta-1⁷·
548 1238 720 1298 instructam
730 1236 922 1318 expugnavit.
947 1234 1060 1295 Adhuc
1074 1244 1171 1295 tamen
1184 1243 1294 1295 conatu
1308 1234 1403 1312 magis
1414 1252 1508 1313 quam

385 1336 512 1388 rmore
549 1334 662 1395 viribus
684 1332 787 1393 Italici
809 1334 995 1405 resistebant,
1023 1341 1056 1393 et
1077 1352 1114 1393 ne
1138 1331 1355 1413 desponderent
1379 1332 1508 1401 animos,

549 1431 675 1493 modicis
694 1428 841 1492 interdum
862 1430 1045 1491 successibus
1062 1430 1278 1489 recreabantur.
1320 1426 1387 1489 Silo
1409 1428 1508 1489 Pom·

549 1529 665 1611 pardius
678 1528 847 1589 Boviarmn
857 1527 999 1609 oppidum
1011 1535 1173 1607 receperat.
1216 1526 1292 1604 Ejus
1299 1524 1433 1587 victoria
1444 1533 1509 1585 tam

550 1626 745 1687 immoderata
757 1623 863 1687 laetitia
880 1624 950 1696 fuit,
971 1631 1004 1684 ut
1021 1624 1070 1685 vel
1091 1624 1122 1683 in
1140 1624 1283 1685 bonorem
1296 1623 1391 1695 ducis,
1402 1622 1455 1685 vel
1467 1622 1509 1683 ad

548 1722 732 1783 referendam
744 1722 894 1783 Romanis
906 1721 1013 1793 vicem,
1032 1719 1209 1801 Pompaedio
1221 1720 1386 1802 triumphus
1398 1718 1505 1781 decer·

551 1828 685 1899 neretum
700 1822 783 1901 isque
797 1820 965 1881 Bovianum
978 1818 1161 1899 triumphans
1173 1818 1309 1878 invectus
1321 1825 1375 1878 cst.
1411 1816 1509 1885 Quod

551 1918 582 1977 in
595 1938 681 1979 omen
694 1926 869 1999 acceptum:
883 1936 952 1977 nam
965 1916 994 1977 in
1014 1916 1115 1976 urbem
1128 1916 1238 1976 vietam
1252 1915 1353 1975 lsurea
1365 1914 1508 1997 deporte-

472 2054 482 2067 ·
551 2024 595 2087 ta,
615 2015 748 2076 bostibus
768 2014 923 2075 tradidisse
945 2012 1100 2073 victoriam
1120 2012 1200 2072 visus
1219 2019 1284 2073 est:
1306 2012 1410 2092 utique
1427 2022 1509 2093 post-

404 2109 512 2162 ΟΜ·
552 2131 643 2191 quam
666 2112 802 2193 proximo
823 2108 932 2170 deinde
955 2108 1068 2189 praelio,
1094 2128 1163 2168 curn
1186 2108 1252 2169 Ser.
1273 2106 1409 2189 Sulpicio
1427 2108 1511 2189 apud

389 2181 442 2304 {21⁹
453 2242 514 2291 obs.
551 2206 687 2269 Teanum
703 2227 886 2286 congressus,
907 2206 1013 2266 amisso
1030 2206 1175 2276 exercitu,
1194 2224 1253 2265 una
1271 2224 1340 2265 cunr
1362 2204 1507 2279 Obsidio,

390 2301 445 2358 nv.
457 2306 525 2371 Erit·
553 2304 614 2363 alio
628 2302 803 2365 Italicorum
815 2302 902 2374 duce,
920 2322 1073 2383 oppressus
1085 2309 1139 2361 est.

594 2408 624 2465 7.
645 2399 825 2481 Pompaedio
846 2400 994 2481 precipua
1016 2400 1093 2459 tanti
1120 2398 1249 2458 incendii
1273 2398 1339 2459 face
1362 2399 1510 2469 extincto,

406 2500 523 2553 Aust-(1⁸
553 2498 616 2558 sive
627 2496 777 2577 Sulpicius
788 2496 885 2567 illum,
899 2497 973 2566 sive,
984 2503 1018 2554 ut
1027 2493 1100 2554 alibi
1111 2491 1235 2555 relatum
1245 2503 1300 2567 est,
1312 2496 1355 2563 Q.
1364 2493 1513 2555 Metellus

390 2566 544 2686 Imm
555 2593 632 2655 Pius
644 2592 765 2666 occidit,
783 2613 851 2654 cum
870 2613 964 2672 neque
982 2590 1136 2652 consilium
1156 2589 1284 2661 Italicis,
1305 2610 1401 2672 neque
1409 2588 1511 2673 'copiae

555 2701 640 2753 tanto
661 2690 743 2752 bello
762 2711 849 2772 pares
871 2698 1054 2771 superessent
1065 2688 1159 2759 rodii
1176 2687 1331 2750 adversum
1354 2687 1513 2750 Romam

402 2797 543 2850 Dicdum
555 2798 671 2851 tantum
683 2789 753 2860 fuit,
773 2798 808 2849 nt
828 2789 857 2848 in
879 2786 969 2848 alium
983 2807 1066 2869 pene
1079 2787 1181 2848 orbem
1195 2784 1309 2866 legatos
1328 2785 1368 2848 ad
1387 2785 1512 2846 Mithri·
1618 2789 1619 2794 ’

393 2878 503 2914 ¹¹¹'¹¹·
555 2886 657 2949 datem
682 2891 842 2958 mitterent,
867 2905 955 2966 quem
978 2885 1096 2946 studere
1113 2884 1200 2944 rebus
1219 2883 1364 2946 novandis
1383 2903 1511 2965 accepe-

555 2995 633 3046 rant

597 3089 627 3142 8.
650 3081 729 3140 Cum
741 3082 866 3162 praebita
878 3081 924 3140 bis
937 3078 1089 3141 audientia
1098 3089 1186 3152 esset,
1198 3081 1334 3162 princeps
1344 3079 1513 3158 legationis,

556 3178 750 3250 ‘Samnites’
768 3178 821 3248 ait,
837 3187 945 3258 ‘atque
967 3177 1092 3249 Lucani,
1114 3179 1217 3257 etqui
1239 3177 1291 3238 alii
1315 3197 1368 3258 per
1387 3175 1514 3238 Italiam

557 3275 662 3356 populi
674 3259 779 3334 eodem
791 3273 899 3334 fordere
907 3273 1105 3344 continentur,
1115 3275 1233 3334 tertium
1238 3275 1305 3352 jam
1313 3293 1422 3333 annum
1430 3283 1513 3334 atro-

555 3373 607 3432 cia
618 3370 779 3432 bellacum
792 3369 934 3431 Romano
946 3379 1067 3450 gerunt3
1083 3373 1169 3451 cujus
1177 3370 1316 3452 equidem
1330 3391 1426 3451 neque
1439 3391 1513 3432 cau-

556 3488 592 3529 sa
603 3469 660 3528 tibi
680 3469 783 3546 ignota
797 3487 872 3537 esse,
889 3487 984 3548 neque
1001 3487 1087 3528 casus
1107 3477 1199 3548 atque
1217 3467 1431 3529 vicissitudines
1444 3489 1513 3550 pos-

556 3576 634 3628 sunt.
677 3565 795 3628 Idcirco
819 3566 891 3627 licet
917 3565 1025 3626 multos
1050 3565 1169 3627 illorum
1191 3566 1282 3628 duces
1304 3567 1513 3649 exercituque

557 3664 731 3736 fuderimus,
753 3663 861 3746 partim
877 3663 967 3724 etiam
986 3661 1192 3736 deleverimus,
1206 3665 1312 3724 castris
1331 3665 1512 3746 urbibusque

558 3763 697 3824 maximis
714 3769 805 3843 atque
821 3758 1023 3820 munitissimis
1035 3762 1212 3841 expugnatis
1225 3770 1314 3841 atque
1327 3763 1440 3842 captim
1466 3771 1512 3822 ta·

557 3877 626 3920 men
638 3868 671 3944 et
683 3877 736 3918 nos
748 3877 816 3919 curn
830 3853 1011 3917 validissimo
1023 3858 1284 3944 potentissimoque
1303 3857 1386 3918 hoste
1398 3857 1514 3918 colluc-

558 3965 666 4027 tantes,
685 3955 796 4018 crebris
818 3961 909 4033 atque
934 3952 1156 4013 vehementibus
1175 3953 1360 4014 detrimentis
1381 3955 1514 4034 quassari

556 4053 691 4132 contigit.
733 4051 812 4112 Plus
824 4059 923 4110 tamen
943 4047 1098 4129 aliquanto
1115 4048 1218 4110 bande
1234 4071 1326 4131 quam
1337 4052 1428 4111 armis
1446 4049 1514 4112 Ro-

558 4149 638 4209 mani
657 4147 863 4231 profecerunt:
883 4147 991 4227 passim
1010 4167 1062 4226 per
1079 4148 1216 4208 civitates
1232 4147 1358 4208 serendo
1369 4147 1514 4208 fovendo-

559 4263 617 4325 que
639 4244 805 4326 principum
830 4241 1005 4321 discordias,
1029 4242 1111 4323 quod
1133 4244 1203 4324 ipsis
1221 4265 1273 4326 per
1293 4264 1354 4306 suae
1377 4244 1514 4306 factionis

844 4371 1228 4426 ·nucm.scm
