3300 5225
396 545 498 595 tinet
524 543 701 595 Lxxxtu.
723 543 1003 596 eneruauerunt]
1010 546 1049 594 nt·
1186 523 1276 598 m
1295 600 1297 605 ,
1364 531 1371 548 ’

158 673 288 750 victorie
308 689 428 770 potitus.
470 687 663 750 Mithridates
683 705 753 750 eum
773 676 1064 771 praeintris'ducum',
1082 697 1114 749 et

158 785 302 845 mediocri
319 787 451 866 equitnm
469 805 571 856 manu,
584 785 661 845 eitra
679 803 738 846 non
754 803 844 846 ausus
860 786 1029 858 consistere,
1041 807 1113 846 con·

154 891 242 943 tenta
255 881 327 962 fuga
338 883 522 962 Pergamum
535 881 574 942 nd
587 891 700 962 patrem
713 883 855 964 pervenit.

199 985 231 1038 8.
251 979 331 1040 Post
342 981 399 1040 lroc
411 979 546 1060 prelium
565 979 672 1059 passim
684 977 890 1042 deficientrlnns
902 974 922 1041 a
933 975 1001 1060 rege
1016 1001 1111 1063 popu-

130 1088 134 1100 '
156 1077 207 1149 lis,
215 1078 400 1156 occasionem
414 1076 539 1158 adeptus
549 1086 595 1137 eat
608 1077 749 1148 Fimbria,
762 1086 796 1137 ut
807 1077 1012 1140 crudelitatum
1025 1097 1110 1140 snam

154 1175 373 1255 avaritiamque
398 1176 531 1235 satiaret.
571 1173 685 1235 Tantas
710 1175 789 1236 enlm
814 1176 935 1236 humani
960 1176 1111 1256 sangrrinis
1137 1187 1237 1256 Diosp.

156 1273 309 1354 appetitus
329 1274 436 1343 inerat,
449 1281 483 1332 ut
501 1273 609 1352 passim
627 1271 735 1334 multos
754 1291 811 1333 non
824 1270 994 1345 ex'merito,
1013 1293 1109 1356 neque
1121 1252 1207 1307 νὼ·

153 1369 187 1429 in
209 1367 343 1450 aliquam
364 1369 469 1450 populi
493 1368 625 1430 Romani
648 1369 821 1442 utilitatem,
834 1371 887 1431 aed
905 1371 996 1432 animi
1018 1390 1110 1432 caum

153 1466 314 1528 occideret.
357 1465 458 1526 Semel
469 1466 635 1548 complures
652 1467 727 1547 erigi
746 1467 832 1548 palos
842 1469 987 1547 ¹jnmernt,
999 1468 1051 1526 nbi
1063 1467 1109 1527 al-

152 1561 243 1642 ligati
257 1565 489 1635 verberarentur,
500 1583 574 1645 quoa
582 1564 787 1626 damnaverat.
828 1565 891 1626 Sed
902 1585 972 1626 cnm
984 1564 1108 1626 adducti

150 1659 197 1721 illi
215 1673 325 1734 essent,
346 1663 499 1744 minorque
520 1662 672 1744 aliquanto
689 1683 840 1736 numeros,
861 1683 953 1744 quam
974 1664 1108 1724 crucium

152 1767 243 1830 esset,
264 1761 466 1841 apparuissem
496 1779 534 1820 ne
556 1759 665 1820 irusma
686 1759 758 1820 fixae
774 1759 953 1830 riderentur,
973 1759 1109 1820 emedio

152 1857 244 1916 turba
263 1857 372 1938 corripi
395 1856 434 1916 ad
458 1876 623 1928 nnmerum,
643 1855 733 1918 etad
754 1877 865 1918 vacuos
886 1855 970 1938 palos
990 1855 1108 1936 religari

151 1955 307 2034 praecepit
359 1948 505 2034 Cyzicum
528 1973 596 2015 curn
621 1974 676 2036 pro
702 1955 799 2015 amico
816 1955 963 2025 intrasset,
982 1955 1107 2034 opulen-
1135 1963 1267 2035 Dtodap.

151 2049 282 2110 tissimos
299 2050 517 2132 oppidanorum
537 2050 710 2131 pronrnonn
728 2051 851 2111 erimine
872 2049 1056 2112 mamonae·
1076 2030 1205 2115 affl·

115 2149 117 2152 ’
150 2147 318 2206 maximnm
330 2156 469 2207 terrorem
482 2148 622 2226 conjecit.
653 2145 771 2208 Deinde
784 2147 823 2208 ed
836 2147 915 2207 lrnnc
929 2146 1108 2225 augendam,

150 2261 192 2302 ex
215 2243 304 2304 omni·
317 2257 439 2304 numero
458 2243 533 2304 dnos
552 2242 716 2316 damnarit,
735 2243 884 2324 virgisque
902 2261 995 2304 caeos
1013 2245 1108 2304 securi

151 2349 307 2420 percu-rt.
350 2339 423 2402 Hoc
437 2349 515 2401 metu
530 2339 619 2402 facile
632 2339 734 2421 adegit
745 2350 869 2412 ceteros,
881 2350 917 2401 ut
928 2339 977 2401 vel
989 2341 1106 2402 unirer-

149 2437 406 2498 sornmbouornm
420 2440 542 2518 jactura
554 2438 678 2500 mlntem
697 2440 736 2500 ab
751 2439 922 2522 avarissimo
932 2438 1105 2500 saeriwimo-

153 2553 215 2615 qne
235 2533 350 2596 latrone
368 2535 553 2596 redimerent.

191 2640 223 2693 4.
246 2632 300 2693 Ad
323 2634 399 2695 hanc
421 2632 546 2694 lormam
568 2634 736 2695 constitutis
755 2633 867 2713 ubique
887 2632 1103 2714 provinciarum

149 2731 251 2802 rebus,
270 2730 409 2792 adranam
428 2731 524 2812 ipsum
545 2750 645 2810 regem
660 2730 804 2811 Pergami
823 2730 973 2792 sedentm
995 2728 1103 2791 docere
1130 2746 1266 2814 pluasyn.

147 2830 275 2888 statuit:
297 2838 557 2910 occurrentemque
574 2828 654 2889 ludit
670 2827 855 2909 ingeritque,
867 2836 900 2887 et
914 2828 944 2887 in
959 2825 1103 2907 oppidum
1114 2816 1191 2925 ss:

149 2942 182 2983 se
196 2926 327 3006 recipere
339 2925 445 3005 coligit.
489 2924 608 2985 Deinde
624 2944 662 2985 ne
675 2924 817 3003 Pergami
831 2922 954 3005 'quidem
971 2924 1104 2983 resistere
1115 2892 1266 2993 vlllllsa.
1335 2914 1341 2924 ’

149 3038 267 3093 ausum,
289 3030 380 3102 capto
401 3020 522 3103 oppido,
542 3022 687 3093 Pitanen,
706 3039 766 3101 quo
783 3018 837 3081 ille
853 3020 1035 3101 profugerat,
1058 3018 1104 3078 in·
1116 3004 1267 3120 ff‘ffiffih

148 3126 281 3190 secutus,
294 3117 521 3181 circumvallare
533 3118 665 3180 obsemos
681 3136 775 3189 orsus,
790 3136 893 3198 parom
906 3117 946 3176 ab
957 3117 1024 3196 ipso
1034 3134 1103 3195 rege
1113 3134 1139 3183 in
1147 3134 1238 3185 riam.

148 3214 429 3297 capremontem
451 3216 520 3289 ner,
544 3215 624 3298 quon
647 3213 767 3275 roenna
785 3214 944 3276 videmur
961 3212 1102 3274 ohanna
1113 3197 1258 3315 offic

149 3310 369 3391 adjumentum,
384 3310 419 3372 L.
434 3310 553 3373 Luculli
562 3330 685 3385 ,auersus
698 3312 814 3371 animm
825 3308 985 3371 invidisset.

191 3414 222 3467 ὁ.
245 3407 289 3481 Is,
305 3410 373 3489 jam
388 3407 508 3469 dimissa
524 3404 712 3467 Rhodiorum
731 3406 838 3479 elaeae,
851 3414 966 3466 tanturn
979 3423 1101 3486 parave-
1113 3410 1138 3447 ⁰·
1148 3400 1175 3447 ⁶·

149 3512 198 3564 rat
213 3506 397 3586 propriarum
409 3504 527 3575 virium,
541 3513 575 3564 nt
587 3502 666 3565 onio
678 3504 775 3583 regios
788 3504 929 3582 ejiceretss
948 3500 1103 3582 Colopho-

150 3602 228 3673 nius,
246 3601 458 3683 comprehenso
476 3609 603 3681 tyranno
619 3618 722 3660 eornm
742 3600 891 3682 Epigono,
909 3604 1051 3659 sesemet
1071 3598 1102 3657 in

149 3696 328 3759 libertatem.
379 3694 460 3757 Hac
485 3704 635 3776 gerentem
659 3694 750 3775 legati
776 3716 795 3756 a
822 3694 955 3755 Fimbria
979 3690 1101 3764 adeum,

150 3778 235 3855 omni
257 3791 451 3855 obtestatione
472 3794 625 3864 instantes,
654 3800 716 3853 ‘ne
736 3814 756 3853 a
775 3812 807 3853 ae
830 3793 980 3853 obsessum
1001 3808 1101 3869 regem

148 3888 354 3960 clarissimum,
373 3888 558 3970 eundemque
580 3888 797 3950 infestissimum
817 3888 958 3949 Romano
976 3886 1100 3955 nomini,

149 3986 230 4046 elabi
244 3996 402 4067 pateretur.
445 3986 518 4045 Esse
532 3987 588 4067 ipsi
601 3986 724 4047 clamem
738 3984 776 4045 ad
797 3982 1008 4066 prohibendum
1024 3982 1100 4040 mari

150 4085 283 4143 exitum:
306 4092 414 4144 eterra
429 4083 496 4161 jam
509 4084 552 4143 ita
565 4084 723 4162 provisum,
734 4090 769 4143 at
781 4101 839 4141 non
849 4079 943 4161 poenit
953 4076 1090 4137 evadere.

150 4178 263 4241 Facilis
284 4184 350 4239 erat
371 4177 456 4239 labor
477 4178 611 4239 obsidere
632 4188 769 4259 portum:
791 4173 954 4259 pericnlum
972 4171 1098 4242 nullum,

149 4276 244 4354 gloria
275 4274 454 4355 amplissime
486 4274 673 4335 offerebatur.
722 4272 837 4333 Temen
861 4268 1015 4341 Lucullus,
1035 4269 1098 4329 sive
1110 4286 1181 4339 oros.
1192 4288 1261 4340 Plan.

151 4372 310 4432 amicitiam
323 4368 418 4452 Syllae
430 4356 794 4451 omnibusenteponendo,
807 4370 869 4473 sire
884 4365 1098 4428 interfectorem
1248 4381 1251 4389 '
