3300 5225
396 583 499 670 nunni
528 583 608 634 xer.
630 581 957 635 sueennunrrrusr.
1000 538 1004 548 ¹
1145 565 1233 632 4748

112 727 238 807 vatique
255 720 367 808 pabulo
384 724 424 789 de
442 723 539 788 reditu
557 725 734 806 cogitarent,
747 735 778 788 et
793 727 823 787 hi
842 747 961 809 qnoque
973 727 1025 808 qui
1037 727 1068 788 in

111 825 243 884 statione
257 822 385 894 fuerant,
399 823 499 904 quiete
512 823 629 884 invitati
650 823 690 884 ad
707 823 851 903 pabulum
869 824 1070 904 colligendum

111 919 337 992 dilabemoun
357 920 456 982 emisi
476 921 603 1002 primum
624 919 768 1001 Hispani,
787 920 947 982 velocitate
963 920 1070 1001 gentili

113 1016 144 1076 in
166 1015 305 1096 palantes
320 1015 522 1088 effunduntur,
539 1027 572 1077 et
590 1016 804 1078 convulnerant
824 1016 1070 1097 contunduntqne

114 1112 192 1172 nihil
210 1112 272 1175 tale
294 1123 497 1196 expectentes.
540 1113 634 1174 Prius
655 1111 774 1186 deinde,
797 1132 888 1195 quern
911 1113 1005 1174 resisti
1024 1115 1071 1175 iris

113 1209 270 1290 inciperet,
283 1211 392 1272 mutati
411 1219 570 1291 erumpunt
589 1231 606 1272 e
624 1209 714 1281 saltur,
726 1219 758 1270 et
773 1209 929 1272 redeuntes
945 1210 976 1270 in
990 1209 1069 1271 ordi·

112 1323 185 1366 nem
196 1311 581 1388 consternantvertuntqu'e.
605 1305 799 1386 Fugientibus
807 1307 925 1387 equites
934 1307 1070 1380 immissi,

113 1409 181 1463 toto
192 1422 230 1462 eo
242 1403 352 1485 spatio,
365 1423 426 1486 quo
438 1403 591 1466 redibatur
604 1403 634 1464 in
647 1413 757 1476 cestra,
776 1404 922 1484 persecuti
939 1403 1068 1466 wdnnt.

114 1497 264 1560 Curatum
275 1520 405 1581 quoque,
419 1519 457 1561 ne
475 1501 543 1581 quis
562 1501 715 1580 effugeret.
756 1499 843 1560 Nam
864 1501 1006 1583 praemissi
1018 1521 1071 1581 per

112 1594 293 1676 compendia
313 1597 453 1660 itinerum
471 1596 592 1658 ducenti
613 1597 832 1677 quinquaginta
846 1596 972 1678 equites,
995 1616 1071 1678 quos

113 1693 145 1752 in
159 1693 239 1754 hunc
251 1712 335 1754 usum
345 1695 474 1776 opperiri
483 1693 575 1755 duces
582 1696 745 1775 jnseerent,
755 1702 913 1775 ontequasn
921 1691 962 1753 ad
972 1702 1071 1756 entra

114 1788 259 1870 Pompeii
271 1792 483 1872 perveniretur,
497 1792 643 1863 conversi,
657 1800 848 1854 occurrerunt
859 1791 904 1851 eis
915 1791 970 1874 qni
981 1792 1070 1872 primi

112 1884 263 1966 tingerent

156 1991 208 2045 19.
229 1981 284 2044 Ad
296 1984 382 2062 eujus
394 1983 436 2044 rei
448 2001 564 2044 sensnm
574 1983 724 2066 Pompeio
737 1985 914 2046 immittente
921 1982 1069 2064 legionem
1098 2000 1205 2065 Appia.

113 2100 186 2140 cnm
209 2079 305 2141 Laelio
324 2082 356 2160 in
377 2079 545 2161 praesidium
570 2101 706 2152 suornm
728 2080 866 2142 subducti
887 2081 918 2140 in
929 2079 1069 2145 dextrum
1081 2062 1166 2180 m
1176 2083 1196 2118 ¹·

112 2174 197 2236 latus
215 2177 314 2257 specie
336 2176 505 2238 cedentium
519 2178 646 2258 equites,
665 2197 734 2238 mos
750 2177 907 2238 circumitu
922 2171 1069 2256 legionem

113 2273 173 2332 abs
184 2281 268 2352 tergo
280 2272 465 2343 infestarunt,
479 2293 548 2334 eum
556 2274 624 2353 jam
636 2273 726 2334 etiarn
744 2293 764 2334 a
783 2273 879 2334 fronte
892 2272 1070 2347 Sertoriani,

113 2367 170 2448 qui
193 2367 384 2449 pabuletores
402 2370 547 2452 persecuti
569 2377 663 2442 mant,
685 2371 877 2432 incursarent.
918 2368 970 2430 Sic
989 2369 1070 2450 tegio

114 2483 238 2545 qnoque
252 2466 329 2526 inter
341 2465 417 2527 duas
429 2467 511 2528 acies
522 2467 650 2528 hostium
663 2485 731 2528 cum
742 2466 842 2546 iegato
853 2465 929 2527 eiisa
939 2475 993 2528 est.
1014 2466 1070 2527 Ad

111 2563 204 2642 onjrns
214 2562 361 2626 auxilinm
375 2563 526 2647 Pompeio
541 2565 692 2626 universes
709 2564 854 2627 educente
870 2563 984 2647 copies,
1000 2561 1070 2627 Ser·
1082 2574 1134 2627 Jul.
1144 2574 1206 2628 ote.

111 2661 209 2721 torius
226 2680 345 2741 quoque
364 2682 382 2721 e
400 2660 528 2723 collibus
550 2662 725 2723 instructum
745 2661 877 2723 ostendit
895 2662 1167 2733 exercitamina.

111 2756 276 2840 effecitque
288 2778 326 2819 ne
338 2759 503 2841 Pompeius
515 2758 747 2840 progrederetur.
774 2756 826 2819 Ita
838 2766 946 2840 praeter
955 2757 1071 2840 duplex

113 2854 274 2927 damnum,
300 2856 406 2917 eadem
430 2857 551 2919 solertia
575 2858 704 2930 ilianum,
732 2866 929 2939 epeetetorem
953 2876 1072 2938 qnoque

114 2970 190 3011 enm
212 2950 310 3013 cladis
334 2972 451 3014 suornm
476 2954 640 3015 constituit.
691 2954 765 3015 Hoc
786 2954 916 3035 primurn
937 2952 1072 3035 prrrlinrn

113 3048 196 3108 inter
209 3046 373 3110 Sertorium
386 3060 418 3111 et
431 3050 612 3133 Pompeium
623 3050 692 3112 fuit.
733 3050 850 3113 Decem
869 3050 965 3111 miliia
976 3051 1072 3112 homi-

114 3164 193 3205 nnrn
214 3145 253 3207 de
280 3146 421 3227 Pompeii
445 3149 591 3223 exercitu,
616 3168 685 3211 cum
702 3150 847 3229 jumentis
865 3156 898 3209 et
915 3148 1072 3209 odonibus
1083 3146 1192 3217 Appius.

113 3242 227 3303 mise
237 3253 316 3305 mot
348 3244 514 3326 Pompeius
527 3247 580 3307 vix
593 3245 732 3326 reliquias
745 3245 908 3307 incolumes
920 3244 1050 3306 reduxit.

156 3345 210 3399 tto.
232 3338 299 3400 Hic
320 3349 444 3401 eventus
465 3342 554 3403 etiem
576 3340 808 3403 Lauronensiunr
830 3341 921 3421 fregit
945 3343 1070 3413 animos,
1082 3348 1222 3400 Pinus-rt

113 3456 215 3515 neque
235 3436 289 3497 diu
308 3438 435 3511 oontati,
456 3447 664 3500 concesserunt
684 3439 714 3499 in
736 3437 862 3499 Sertorii
885 3435 986 3499 fidem.
1037 3436 1072 3497 Is
1098 3445 1207 3512 Appias.

114 3530 253 3613 prauam
279 3533 368 3595 mnne
390 3536 546 3606 maneant,
567 3534 678 3609 oneo,
709 3534 813 3596 nuere
834 3534 1008 3615 omnen
1027 3510 1153 3595 πείθω*

114 3637 298 3710 parceretur.
341 3628 496 3711 Direptum
516 3630 626 3692 deinde
643 3630 747 3693 urbem
766 3629 911 3702 incendit,
928 3648 988 3691 non
1004 3650 1071 3691 eru-
1082 3648 1151 3703 ιηῃ,

112 3724 287 3797 deiitate,a
304 3744 366 3805 qna
382 3726 434 3787 vix
454 3726 533 3789 olins
549 3746 680 3807 unquam
696 3726 760 3788 dux
783 3726 908 3789 alienior
924 3726 998 3796 inita
1019 3725 1072 3788 sed

112 3832 151 3883 nt
161 3842 203 3883 ex
216 3830 305 3884 tanta
317 3822 534 3885 existimatione
552 3823 703 3907 Pompeio
719 3832 885 3885 conmmtus
902 3822 984 3906 apud
1002 3823 1072 3885 ber·

113 3920 206 3981 beros
221 3920 359 3993 oriretur,
382 3940 443 4003 qno
462 3921 658 4003 inspectante,
679 3930 711 3982 et
732 3930 849 3983 tentum
867 3939 928 3981 non
944 3919 1072 3983 damnis

113 4016 247 4077 inem
258 4018 419 4091 calefacto,
424 4020 502 4099 ‚orbs
513 4020 595 4081 socia
607 4029 639 4083 et
651 4020 747 4081 eunica
759 4016 960 4098 deflectunt.
991 4016 1070 4078 lan·
1082 4038 1154 4090 om,

113 4132 258 4173 ronenaes
270 4116 324 4195 qui
336 4117 483 4179 obsidioni
493 4116 710 4198 mperiirerant,
724 4117 753 4177 in
769 4114 956 4176 Lusitaniam
968 4111 1071 4175 Serto-

112 4210 178 4270 rius
201 4208 341 4272 deduxit
383 4212 421 4274 In
442 4234 481 4276 ea
500 4214 666 4296 direptione
688 4212 774 4275 miles
793 4212 928 4297 quideni,
949 4211 1071 4273 muliere
1082 4218 1191 4289 Appos.

115 4305 301 4369 bononensi
320 4318 426 4391 praeter
443 4320 585 4373 namnam
598 4313 717 4383 ebusus,
730 4309 825 4371 oeulis
841 4310 1004 4372 mulctatus
1014 4318 1070 4382 est,

115 4426 195 4487 quos
206 4406 327 4469 directis
344 4408 375 4468 in
390 4427 442 4470 eos
460 4408 561 4493 digitis
575 4408 683 4472 mulier
701 4406 855 4471 effoderat.
896 4406 947 4469 lta
960 4406 1000 4469 ad
1014 4407 1070 4467 im·
