3300 5225
419 595 522 648 urens
549 595 655 646 xciv.
678 593 1003 649 suurnnununuu.
1177 579 1266 648 477⁹

150 737 288 800 claustris
299 735 434 819 quidem,
445 737 565 818 qne'sd
575 739 726 818 engenius
735 745 837 820 portus
846 747 999 807 exstructa
1007 739 1102 811 erent,
1115 750 1223 818 appias.

149 835 345 907 morantibus,
367 843 398 896 et
424 835 479 896 sub
502 835 587 916 aquis
614 849 732 897 emenso
755 835 836 916 quod
857 833 910 894 illa
929 835 1105 896 obtinebant

151 932 261 1013 spatio.

191 1033 243 1089 16.
266 1025 420 1088 Sacrificio
433 1046 548 1091 summa
561 1027 775 1110 Cyzicenorum
789 1027 906 1100 letitie,
923 1029 964 1090 ob
976 1048 1105 1110 pruen-

150 1133 226 1196 tem,
238 1133 272 1184 ut
281 1125 549 1206 interpretabantur
558 1126 685 1186 numinis
692 1124 835 1196 levorem,
849 1135 990 1206 perecto;
1004 1145 1104 1204 regom

150 1221 243 1282 amici
264 1241 302 1282 ne
322 1241 391 1282 cum
409 1221 478 1282 Diis
497 1241 627 1303 pugnare
647 1231 781 1302 pergeret
799 1222 1002 1282 hortabantur.
1044 1219 1104 1282 Ille
1116 1232 1212 1286 suano.

150 1317 227 1376 nihil
239 1318 367 1390 territus,
382 1339 401 1379 a
412 1319 540 1389 cervice,
551 1337 612 1398 que
624 1317 779 1400 Dindymo
790 1319 886 1378 monti
898 1318 969 1378 urbs
974 1339 1103 1380 connec·
1116 1330 1225 1398 Appiae.

149 1415 236 1485 titur,
249 1435 355 1494 aggere
368 1414 470 1485 ducto,
486 1415 581 1475 turres
601 1416 752 1496 imposuit,
766 1416 889 1475 tutimes
907 1435 927 1475 a
946 1413 1029 1476 renti
1048 1415 1104 1475 im·

149 1520 224 1591 petu
235 1509 368 1581 luntres:
382 1509 533 1572 cuniculos
545 1531 664 1593 quoque
676 1512 756 1590 egit:
771 1511 909 1572 alacriter
926 1513 1105 1576 occurrenti·

150 1609 209 1668 bus
231 1607 271 1669 ed
291 1609 391 1669 omnia
408 1609 545 1680 obsessis,
566 1609 617 1690 qui
634 1609 763 1672 vicisim
783 1618 815 1669 et
836 1610 894 1690 ipsi
914 1608 1212 1670 suffodientessunbo.

149 1705 287 1776 humum,
310 1705 472 1785 aliquando
491 1707 614 1787 abipso
634 1725 703 1785 rege
721 1707 751 1765 in
768 1706 914 1767 cuniculis
930 1706 991 1766 suis
1006 1705 1106 1787 oppri-
1200 1705 1201 1709 ’

149 1800 351 1864 mendoboud
363 1801 488 1862 multum
500 1801 668 1864 abfuerunt.
690 1800 774 1862 Inter
782 1802 848 1864 baec
856 1803 947 1863 etiam
955 1810 1109 1884 comperte
1119 1816 1186 1868 Plus.

150 1898 276 1959 Luculli
288 1899 444 1979 proesentis
453 1899 547 1978 megia
559 1900 650 1966 crecti
662 1907 731 1960 sunt
743 1899 855 1960 animi:
870 1907 1027 1980 postquam
1039 1899 1108 1958 mis-

149 2015 203 2056 sus
217 1995 257 2054 ab
271 1994 424 2056 Archelao
444 1995 604 2056 Demonax
625 1997 738 2076 primus
757 1995 789 2056 id
806 1997 941 2056 nuntium
958 1997 989 2055 in
1006 1995 1110 2055 urbem

149 2091 275 2161 intulit;
298 2091 563 2173 dubitantibusque
583 2111 667 2172 puer,
685 2093 737 2172 qui
758 2093 964 2173 captivitatem
981 2091 1110 2153 bostium

150 2187 229 2270 luga
252 2198 399 2260 evaserat,
423 2189 616 2268 interrogatus
637 2188 691 2249 ubi
714 2197 812 2252 castra
838 2187 980 2249 Romane
1000 2195 1108 2260 essen,

150 2285 250 2365 digito
262 2285 510 2346 commonstravit.
896 2307 901 2316 ·

197 2387 249 2446 17.
270 2380 381 2462 Neque
402 2379 606 2463 pretereunda
625 2388 671 2441 est
688 2380 750 2453 ric,
771 2399 834 2462 qua
850 2379 969 2440 nuntius
989 2377 1110 2442 Luculli
1198 2396 1201 2402 ’
1318 2393 1325 2406 ’

150 2479 304 2540 obsaeam
320 2479 350 2538 in
368 2478 471 2538 urbem
486 2479 664 2559 penetravit.
706 2476 852 2558 Namque
869 2476 944 2537 duos
964 2477 1110 2538 maximos
1138 2481 1197 2598 wls
1207 2483 1274 2536 litet.

150 2672 231 2735 culli
244 2681 338 2745 erent,
352 2692 412 2751 quo
430 2671 571 2735 adversm
583 2672 735 2733 humorem
747 2680 926 2753 tegerentur.
967 2670 1022 2731 Ab
1035 2670 1110 2731 infe·
1122 2628 1276 2730 ῦηιιῗίιιι.

151 2770 227 2831 riori
241 2778 325 2852 parte
334 2767 403 2831 dum
415 2766 524 2847 regule
531 2767 675 2829 distentos
683 2768 810 2829 invicem
819 2776 900 2828 utres
906 2768 1109 2829 continebant.
1122 2748 1274 2857 ''lffim

154 2866 245 2928 Huic
263 2866 408 2927 machine
429 2864 594 2947 impositus,
618 2884 670 2945 per
687 2866 859 2944 trejectum,
878 2872 992 2945 septem
1015 2862 1110 2925 millis
1123 2875 1164 2923 lt.

152 2982 295 3046 passuum
304 2962 471 3034 habentem,
482 2960 608 3042 pedibus
620 2961 675 3021 iter
688 2960 902 3041 sggubernans,
915 2961 991 3020 inter
1002 2960 1110 3023 molem
1123 2937 1274 2987 ⁰¹⁰'‘'¹·²'

154 3058 343 3122 Mithridatis
359 3068 449 3139 etque
469 3056 607 3129 insulam,
628 3058 808 3119 vitabundus
829 3058 957 3117 bostium
973 3057 1110 3129 classem,
1123 3068 1222 3147 sutore

154 3156 199 3218 sd
212 3156 316 3217 urbem
329 3156 482 3238 pervenit:
498 3169 568 3215 nam
583 3154 685 3235 procul
699 3154 861 3216 visentibus
873 3174 933 3215 non
945 3155 1045 3225 homo,
1058 3152 1112 3214 sed
1124 3134 1235 3183 fronca.

154 3255 274 3315 murina
293 3253 398 3335 pistrix
417 3272 481 3312 esse
505 3251 647 3323 creditus,
670 3252 787 3311 nemine
812 3259 946 3323 curante,
966 3257 1110 3312 erssernt.
1124 3262 1276 3314 noema.

153 3348 294 3411 Tandem
312 3358 344 3410 et
356 3348 483 3429 presidii
503 3346 680 3409 immittendi
700 3347 828 3409 Lucullo
839 3356 957 3431 reperta
968 3355 1014 3407 est
1025 3348 1111 3407 ratio.
1124 3362 1219 3415 sunm.

157 3444 200 3507 In
216 3446 374 3528 Dascylite
388 3445 456 3506 lacu
469 3446 568 3506 acetis
579 3445 650 3505 setis
663 3462 772 3523 magns
788 3445 1007 3506 commeabant.
1049 3444 1111 3504 Eo-
1124 3427 1192 3478 ΡΜ·

155 3562 225 3605 run
238 3542 317 3623 qnod
335 3551 401 3603 erut
419 3542 644 3623 capacissimum
663 3540 802 3622 plaustris
821 3539 950 3602 deduxit
962 3539 1002 3602 ed
1019 3560 1112 3611 mare,

157 3638 363 3719 militibusque
371 3638 506 3721 replevit.
550 3636 611 3709 Hi,
622 3646 712 3699 noctu
721 3636 986 3708 transmissolreto,
999 3636 1113 3697 incolu-

157 3758 225 3799 mes
239 3744 434 3819 pervenerunt
443 3737 473 3795 in
483 3735 597 3808 urbem,
611 3755 734 3815 quorum
743 3735 858 3796 auxilio
869 3734 1035 3795 confirmati
1049 3734 1113 3816 cy-

156 3834 266 3906 ziceni,
279 3834 393 3895 crebris
409 3832 611 3914 eruptionibus
628 3832 792 3912 fatigarunt
807 3832 932 3903 bostem,
947 3830 1113 3891 mscbinas·
1126 3835 1234 3905 Appias.

158 3950 221 4014 qne
234 3934 300 4013 ejus
312 3930 514 3991 incenderunt.

202 4026 439 4089 1a.T01erabet
463 4034 563 4089 tamen
585 4023 759 4088 obfirmatus
784 4026 884 4087 auimo
911 4022 1112 4094 Mithridates,
1125 4027 1195 4078 Plut.
1236 4024 1268 4105 α’

158 4123 324 4207 quamdiu,
335 4123 501 4185 celantibus
520 4142 582 4183 rem
597 4122 735 4195 ducibus,
748 4121 857 4183 famem
869 4121 1019 4181 exercitus
1030 4121 1113 4200 igno·
1126 4090 1279 4221 lffl'ffi

158 4222 259 4283 rabat.
300 4218 470 4301 Postquam
490 4220 696 4302 superveniens
721 4220 825 4300 hyems
845 4218 1009 4279 maritimos
1032 4236 1113 4277 com-
1126 4222 1239 4297 niusa.

159 4326 279 4379 meatus
297 4318 459 4399 praeclusit,
477 4324 509 4377 et
523 4316 652 4378 conlecti
672 4316 772 4377 inedia
790 4316 947 4377 militesne
960 4314 1114 4375 cadaveri-
1127 4288 1235 4351 ΛΡΜ·

160 4414 220 4477 ΒΝ
239 4414 362 4495 quidem
381 4414 517 4477 humanis
530 4414 731 4491 abstinebant,
746 4424 778 4477 et
794 4435 811 4476 e
828 4414 904 4475 cibis
917 4411 1116 4474 insalubribus
