<?xml version="1.0" encoding="UTF-8"?>
<!DOCTYPE html PUBLIC "-//W3C//DTD XHTML 1.0 Transitional//EN"
    "http://www.w3.org/TR/xhtml1/DTD/xhtml1-transitional.dtd">
<html xmlns="http://www.w3.org/1999/xhtml" xml:lang="en" lang="en">
 <head>
  <title>
</title>
<meta http-equiv="Content-Type" content="text/html;charset=utf-8" />
  <meta name='ocr-system' content='tesseract 3.04.00' />
  <meta name='ocr-capabilities' content='ocr_page ocr_carea ocr_par ocr_line ocrx_word'/>
</head>
<body>
  <div class='ocr_page' id='page_1' title='image "./tliviipatavinih01rupegoog_0131.png"; bbox 0 0 3300 5225; ppageno 0'>
   <div class='ocr_carea' id='block_1_1' title="bbox 287 551 988 633">
    <p class='ocr_par' dir='ltr' id='par_1_1' title="bbox 287 551 988 633">
     <span class='ocr_line' id='line_1_1' title="bbox 287 551 988 633; baseline 0.01 -9"><span class='ocrx_word' id='word_1_1' title='bbox 287 551 289 561; x_wconf 82' lang='grc'>’</span> <span class='ocrx_word' id='word_1_2' title='bbox 329 574 436 625; x_wconf 83' lang='lat' dir='ltr'><strong>muru</strong></span> <span class='ocrx_word' id='word_1_3' title='bbox 462 576 635 633; x_wconf 82' lang='lat' dir='ltr'><strong>uxxvru.</strong></span> <span class='ocrx_word' id='word_1_4' title='bbox 658 578 988 633; x_wconf 82' lang='lat' dir='ltr'><strong>suernnuauruu.</strong></span> 
     </span>
    </p>
   </div>
   <div class='ocr_carea' id='block_1_2' title="bbox 1131 565 1220 637">
    <p class='ocr_par' dir='ltr' id='par_1_2' title="bbox 1131 565 1220 637">
     <span class='ocr_line' id='line_1_2' title="bbox 1131 565 1220 637; baseline 0 0"><span class='ocrx_word' id='word_1_5' title='bbox 1131 565 1220 637; x_wconf 75' lang='lat' dir='ltr'><strong>test</strong></span> 
     </span>
    </p>
   </div>
   <div class='ocr_carea' id='block_1_3' title="bbox 111 700 1185 803">
    <p class='ocr_par' dir='ltr' id='par_1_3' title="bbox 111 700 1185 803">
     <span class='ocr_line' id='line_1_3' title="bbox 111 700 1185 803; baseline 0.007 -25"><span class='ocrx_word' id='word_1_6' title='bbox 111 726 192 785; x_wconf 79' lang='lat' dir='ltr'><strong>taum</strong></span> <span class='ocrx_word' id='word_1_7' title='bbox 209 716 313 792; x_wconf 80' lang='lat' dir='ltr'><strong>vellet,</strong></span> <span class='ocrx_word' id='word_1_8' title='bbox 336 717 393 784; x_wconf 88' lang='lat' dir='ltr'><strong>uisi</strong></span> <span class='ocrx_word' id='word_1_9' title='bbox 416 727 451 781; x_wconf 89' lang='lat' dir='ltr'><strong>nt</strong></span> <span class='ocrx_word' id='word_1_10' title='bbox 474 720 568 803; x_wconf 82' lang='lat' dir='ltr'><strong>ipsam</strong></span> <span class='ocrx_word' id='word_1_11' title='bbox 589 722 746 785; x_wconf 84' lang='lat' dir='ltr'><strong>invaderet</strong></span> <span class='ocrx_word' id='word_1_12' title='bbox 766 742 866 785; x_wconf 86' lang='lat' dir='ltr'><strong>arcem</strong></span> <span class='ocrx_word' id='word_1_13' title='bbox 886 722 1057 791; x_wconf 77' lang='lat' dir='ltr'><strong>libertetis?</strong></span> <span class='ocrx_word' id='word_1_14' title='bbox 1181 700 1185 709; x_wconf 39' lang='lat'><strong><em>⁹</em></strong></span> 
     </span>
    </p>
   </div>
   <div class='ocr_carea' id='block_1_4' title="bbox 105 814 1056 1773">
    <p class='ocr_par' dir='ltr' id='par_1_4' title="bbox 105 814 1056 1773">
     <span class='ocr_line' id='line_1_4' title="bbox 111 814 1056 902; baseline 0.01 -27"><span class='ocrx_word' id='word_1_15' title='bbox 111 814 204 877; x_wconf 83' lang='lat' dir='ltr'><strong>Ferme</strong></span> <span class='ocrx_word' id='word_1_16' title='bbox 215 814 496 897; x_wconf 82' lang='lat' dir='ltr'><strong>quadringentorum</strong></span> <span class='ocrx_word' id='word_1_17' title='bbox 514 838 659 881; x_wconf 88' lang='lat' dir='ltr'><strong>annorum</strong></span> <span class='ocrx_word' id='word_1_18' title='bbox 679 820 891 902; x_wconf 74' lang='lat' dir='ltr'><strong>experimentis</strong></span> <span class='ocrx_word' id='word_1_19' title='bbox 904 840 969 883; x_wconf 87' lang='lat' dir='ltr'><strong>esse</strong></span> <span class='ocrx_word' id='word_1_20' title='bbox 985 841 1056 901; x_wconf 83' lang='lat' dir='ltr'><strong>cog·</strong></span> 
     </span>
     <span class='ocr_line' id='line_1_5' title="bbox 110 913 1056 999; baseline 0.01 -28"><span class='ocrx_word' id='word_1_21' title='bbox 110 913 202 989; x_wconf 81' lang='lat' dir='ltr'><strong>ritum,</strong></span> <span class='ocrx_word' id='word_1_22' title='bbox 209 914 390 975; x_wconf 71' lang='lat' dir='ltr'><strong>tribunatum</strong></span> <span class='ocrx_word' id='word_1_23' title='bbox 402 914 501 995; x_wconf 88' lang='lat' dir='ltr'><strong>plebis</strong></span> <span class='ocrx_word' id='word_1_24' title='bbox 508 916 594 997; x_wconf 81' lang='lat' dir='ltr'><strong>quusi</strong></span> <span class='ocrx_word' id='word_1_25' title='bbox 603 916 781 979; x_wconf 85' lang='lat' dir='ltr'><strong>Palladium</strong></span> <span class='ocrx_word' id='word_1_26' title='bbox 791 917 895 999; x_wconf 89' lang='lat' dir='ltr'><strong>populi</strong></span> <span class='ocrx_word' id='word_1_27' title='bbox 907 938 984 989; x_wconf 84' lang='lat' dir='ltr'><strong>esse,</strong></span> <span class='ocrx_word' id='word_1_28' title='bbox 993 938 1056 999; x_wconf 82' lang='lat' dir='ltr'><strong>que</strong></span> 
     </span>
     <span class='ocr_line' id='line_1_6' title="bbox 109 1008 1001 1093; baseline 0.007 -24"><span class='ocrx_word' id='word_1_29' title='bbox 109 1008 227 1082; x_wconf 87' lang='lat' dir='ltr'><strong>sublato,</strong></span> <span class='ocrx_word' id='word_1_30' title='bbox 238 1010 357 1071; x_wconf 88' lang='lat' dir='ltr'><strong>interire</strong></span> <span class='ocrx_word' id='word_1_31' title='bbox 371 1012 481 1093; x_wconf 90' lang='lat' dir='ltr'><strong>ipsum,</strong></span> <span class='ocrx_word' id='word_1_32' title='bbox 495 1022 548 1073; x_wconf 91' lang='lat' dir='ltr'><strong>aut</strong></span> <span class='ocrx_word' id='word_1_33' title='bbox 560 1022 641 1073; x_wconf 90' lang='lat' dir='ltr'><strong>certe</strong></span> <span class='ocrx_word' id='word_1_34' title='bbox 652 1014 760 1075; x_wconf 84' lang='lat' dir='ltr'><strong>servire</strong></span> <span class='ocrx_word' id='word_1_35' title='bbox 773 1034 927 1086; x_wconf 87' lang='lat' dir='ltr'><strong>necessum</strong></span> <span class='ocrx_word' id='word_1_36' title='bbox 940 1015 1001 1075; x_wconf 82' lang='lat' dir='ltr'><strong>sit&#39;</strong></span> 
     </span>
     <span class='ocr_line' id='line_1_7' title="bbox 143 1105 1055 1193; baseline 0.005 -26"><span class='ocrx_word' id='word_1_37' title='bbox 143 1111 189 1179; x_wconf 72' lang='grc'><strong>33.</strong></span> <span class='ocrx_word' id='word_1_38' title='bbox 209 1106 259 1167; x_wconf 84' lang='lat' dir='ltr'><strong>Ex</strong></span> <span class='ocrx_word' id='word_1_39' title='bbox 272 1105 390 1170; x_wconf 85' lang='lat' dir='ltr'><strong>diverso</strong></span> <span class='ocrx_word' id='word_1_40' title='bbox 404 1128 463 1169; x_wconf 91' lang='lat' dir='ltr'><strong>nou</strong></span> <span class='ocrx_word' id='word_1_41' title='bbox 476 1109 564 1171; x_wconf 89' lang='lat' dir='ltr'><strong>amioi</strong></span> <span class='ocrx_word' id='word_1_42' title='bbox 578 1110 668 1171; x_wconf 89' lang='lat' dir='ltr'><strong>modo</strong></span> <span class='ocrx_word' id='word_1_43' title='bbox 683 1109 789 1193; x_wconf 77' lang='lat' dir='ltr'><strong>Syllae,</strong></span> <span class='ocrx_word' id='word_1_44' title='bbox 802 1111 857 1171; x_wconf 88' lang='lat' dir='ltr'><strong>sed</strong></span> <span class='ocrx_word' id='word_1_45' title='bbox 870 1112 922 1191; x_wconf 88' lang='lat' dir='ltr'><strong>qui</strong></span> <span class='ocrx_word' id='word_1_46' title='bbox 935 1112 1055 1179; x_wconf 88' lang='lat' dir='ltr'><strong>omuino</strong></span> 
     </span>
     <span class='ocr_line' id='line_1_8' title="bbox 108 1194 1054 1287; baseline 0.008 -25"><span class='ocrx_word' id='word_1_47' title='bbox 108 1202 224 1283; x_wconf 88' lang='lat' dir='ltr'><strong>quietern</strong></span> <span class='ocrx_word' id='word_1_48' title='bbox 243 1194 283 1265; x_wconf 86' lang='lat' dir='ltr'><strong>ac</strong></span> <span class='ocrx_word' id='word_1_49' title='bbox 304 1224 410 1287; x_wconf 82' lang='lat' dir='ltr'><strong>pacem</strong></span> <span class='ocrx_word' id='word_1_50' title='bbox 432 1206 586 1280; x_wconf 85' lang='lat' dir='ltr'><strong>emebant,</strong></span> <span class='ocrx_word' id='word_1_51' title='bbox 615 1206 845 1281; x_wconf 68' lang='lat' dir='ltr'><strong>‘Tribunatum</strong></span> <span class='ocrx_word' id='word_1_52' title='bbox 867 1209 1001 1269; x_wconf 88' lang='lat' dir='ltr'><strong>omniurn</strong></span> <span class='ocrx_word' id='word_1_53' title='bbox 1022 1211 1054 1276; x_wconf 89' lang='lat' dir='ltr'><strong>iu</strong></span> 
     </span>
     <span class='ocr_line' id='line_1_9' title="bbox 109 1301 1054 1387; baseline 0.006 -26"><span class='ocrx_word' id='word_1_54' title='bbox 109 1302 170 1363; x_wconf 89' lang='lat' dir='ltr'><strong>urbe</strong></span> <span class='ocrx_word' id='word_1_55' title='bbox 181 1301 358 1363; x_wconf 69' lang='lat' dir='ltr'><strong>seditionum</strong></span> <span class='ocrx_word' id='word_1_56' title='bbox 370 1304 488 1365; x_wconf 87' lang='lat' dir='ltr'><strong>uuioam</strong></span> <span class='ocrx_word' id='word_1_57' title='bbox 500 1305 654 1384; x_wconf 76' lang='lat' dir='ltr'>originem,</span> <span class='ocrx_word' id='word_1_58' title='bbox 669 1314 748 1365; x_wconf 86' lang='lat' dir='ltr'><strong>recte</strong></span> <span class='ocrx_word' id='word_1_59' title='bbox 762 1313 853 1386; x_wconf 85' lang='lat' dir='ltr'><strong>atque</strong></span> <span class='ocrx_word' id='word_1_60' title='bbox 866 1305 971 1367; x_wconf 81' lang='lat' dir='ltr'><strong>ordine</strong></span> <span class='ocrx_word' id='word_1_61' title='bbox 985 1309 1054 1387; x_wconf 85' lang='lat' dir='ltr'><strong>jus·</strong></span> 
     </span>
     <span class='ocr_line' id='line_1_10' title="bbox 107 1396 1054 1485; baseline 0.008 -28"><span class='ocrx_word' id='word_1_62' title='bbox 107 1404 146 1457; x_wconf 85' lang='lat' dir='ltr'><strong>tos</strong></span> <span class='ocrx_word' id='word_1_63' title='bbox 156 1398 228 1459; x_wconf 86' lang='lat' dir='ltr'><strong>iutra</strong></span> <span class='ocrx_word' id='word_1_64' title='bbox 244 1396 321 1459; x_wconf 86' lang='lat' dir='ltr'><strong>fines</strong></span> <span class='ocrx_word' id='word_1_65' title='bbox 331 1399 511 1463; x_wconf 81' lang='lat' dir='ltr'><strong>cohibitum&#39;</strong></span> <span class='ocrx_word' id='word_1_66' title='bbox 524 1401 741 1463; x_wconf 65' lang='lat' dir='ltr'><strong>deserebant.</strong></span> <span class='ocrx_word' id='word_1_67' title='bbox 784 1400 921 1481; x_wconf 85' lang='lat' dir='ltr'><strong>‘Neque</strong></span> <span class='ocrx_word' id='word_1_68' title='bbox 934 1401 1054 1485; x_wconf 82' lang='lat' dir='ltr'><strong>Syllam</strong></span> 
     </span>
     <span class='ocr_line' id='line_1_11' title="bbox 107 1494 1053 1579; baseline 0.01 -28"><span class='ocrx_word' id='word_1_69' title='bbox 107 1502 152 1553; x_wconf 90' lang='lat' dir='ltr'><strong>aut</strong></span> <span class='ocrx_word' id='word_1_70' title='bbox 170 1494 229 1557; x_wconf 88' lang='lat' dir='ltr'><strong>siue</strong></span> <span class='ocrx_word' id='word_1_71' title='bbox 252 1514 356 1567; x_wconf 72' lang='lat' dir='ltr'><strong>musa,</strong></span> <span class='ocrx_word' id='word_1_72' title='bbox 381 1505 434 1557; x_wconf 88' lang='lat' dir='ltr'><strong>eut</strong></span> <span class='ocrx_word' id='word_1_73' title='bbox 453 1496 535 1559; x_wconf 84' lang='lat' dir='ltr'><strong>ultre</strong></span> <span class='ocrx_word' id='word_1_74' title='bbox 555 1497 689 1569; x_wconf 89' lang='lat' dir='ltr'><strong>modum,</strong></span> <span class='ocrx_word' id='word_1_75' title='bbox 709 1506 762 1559; x_wconf 89' lang='lat' dir='ltr'><strong>aut</strong></span> <span class='ocrx_word' id='word_1_76' title='bbox 784 1506 933 1579; x_wconf 88' lang='lat' dir='ltr'><strong>postremo</strong></span> <span class='ocrx_word' id='word_1_77' title='bbox 954 1499 1053 1569; x_wconf 85' lang='lat' dir='ltr'><strong>solum</strong></span> 
     </span>
     <span class='ocr_line' id='line_1_12' title="bbox 105 1587 1054 1677; baseline 0.011 -28"><span class='ocrx_word' id='word_1_78' title='bbox 105 1587 195 1652; x_wconf 80' lang='lat' dir='ltr'><strong>iecisse</strong></span> <span class='ocrx_word' id='word_1_79' title='bbox 206 1612 276 1674; x_wconf 82' lang='lat' dir='ltr'><strong>qum</strong></span> <span class='ocrx_word' id='word_1_80' title='bbox 293 1591 407 1653; x_wconf 82' lang='lat' dir='ltr'><strong>fecerit.</strong></span> <span class='ocrx_word' id='word_1_81' title='bbox 449 1592 616 1655; x_wconf 85' lang='lat' dir='ltr'><strong>Hominem</strong></span> <span class='ocrx_word' id='word_1_82' title='bbox 631 1594 736 1657; x_wconf 75' lang='lat' dir='ltr'><strong>sociali</strong></span> <span class='ocrx_word' id='word_1_83' title='bbox 750 1594 884 1656; x_wconf 87' lang='lat' dir='ltr'><strong>bellede</strong></span> <span class='ocrx_word' id='word_1_84' title='bbox 896 1595 1054 1677; x_wconf 87' lang='lat' dir='ltr'><strong>republica</strong></span> 
     </span>
     <span class='ocr_line' id='line_1_13' title="bbox 105 1687 1052 1773; baseline 0.006 -24"><span class='ocrx_word' id='word_1_85' title='bbox 105 1687 203 1767; x_wconf 78' lang='lat' dir='ltr'><strong>optime</strong></span> <span class='ocrx_word' id='word_1_86' title='bbox 231 1689 382 1762; x_wconf 89' lang='lat' dir='ltr'><strong>meritum,</strong></span> <span class='ocrx_word' id='word_1_87' title='bbox 415 1689 566 1751; x_wconf 76' lang='lat' dir='ltr'><strong>consulem</strong></span> <span class='ocrx_word' id='word_1_88' title='bbox 598 1690 704 1773; x_wconf 91' lang='lat' dir='ltr'><strong>populi</strong></span> <span class='ocrx_word' id='word_1_89' title='bbox 729 1690 875 1764; x_wconf 78' lang='lat' dir='ltr'><strong>Bornsui,</strong></span> <span class='ocrx_word' id='word_1_90' title='bbox 902 1692 1052 1772; x_wconf 87' lang='lat' dir='ltr'><strong>vigentem</strong></span> 
     </span>
    </p>
   </div>
   <div class='ocr_carea' id='block_1_5' title="bbox 105 1786 1154 1867">
    <p class='ocr_par' dir='ltr' id='par_1_5' title="bbox 105 1786 1154 1867">
     <span class='ocr_line' id='line_1_14' title="bbox 105 1786 1154 1867; baseline 0.007 -25"><span class='ocrx_word' id='word_1_91' title='bbox 105 1792 181 1845; x_wconf 77' lang='lat' dir='ltr'><strong>etate</strong></span> <span class='ocrx_word' id='word_1_92' title='bbox 200 1796 231 1847; x_wconf 87' lang='lat' dir='ltr'><strong>et</strong></span> <span class='ocrx_word' id='word_1_93' title='bbox 250 1806 400 1847; x_wconf 76' lang='lat' dir='ltr'><strong>munorum</strong></span> <span class='ocrx_word' id='word_1_94' title='bbox 417 1786 522 1867; x_wconf 87' lang='lat' dir='ltr'><strong>gloria,</strong></span> <span class='ocrx_word' id='word_1_95' title='bbox 536 1786 610 1849; x_wconf 81' lang='lat' dir='ltr'><strong>nihil</strong></span> <span class='ocrx_word' id='word_1_96' title='bbox 623 1787 730 1849; x_wconf 80' lang='lat' dir='ltr'><strong>iecisse</strong></span> <span class='ocrx_word' id='word_1_97' title='bbox 743 1808 856 1850; x_wconf 77' lang='lat' dir='ltr'><strong>uorum</strong></span> <span class='ocrx_word' id='word_1_98' title='bbox 867 1797 921 1851; x_wconf 87' lang='lat' dir='ltr'><strong>aut</strong></span> <span class='ocrx_word' id='word_1_99' title='bbox 932 1790 1052 1866; x_wconf 80' lang='lat' dir='ltr'><strong>mirum,</strong></span> <span class='ocrx_word' id='word_1_100' title='bbox 1148 1794 1154 1803; x_wconf 84' lang='lat'><em>&#39;</em></span> 
     </span>
    </p>
   </div>
   <div class='ocr_carea' id='block_1_6' title="bbox 98 1880 1052 3228">
    <p class='ocr_par' dir='ltr' id='par_1_6' title="bbox 101 1880 1052 2249">
     <span class='ocr_line' id='line_1_15' title="bbox 103 1880 1052 1968; baseline 0.014 -29"><span class='ocrx_word' id='word_1_101' title='bbox 103 1880 202 1965; x_wconf 87' lang='lat' dir='ltr'><strong>sieripi</strong></span> <span class='ocrx_word' id='word_1_102' title='bbox 212 1883 318 1945; x_wconf 75' lang='lat' dir='ltr'><strong>dotum</strong></span> <span class='ocrx_word' id='word_1_103' title='bbox 333 1884 373 1945; x_wconf 82' lang='lat' dir='ltr'><strong>eb</strong></span> <span class='ocrx_word' id='word_1_104' title='bbox 386 1892 491 1948; x_wconf 84' lang='lat' dir='ltr'><strong>seuetu</strong></span> <span class='ocrx_word' id='word_1_105' title='bbox 503 1885 688 1967; x_wconf 83' lang='lat' dir='ltr'><strong>provinciam</strong></span> <span class='ocrx_word' id='word_1_106' title='bbox 701 1904 779 1966; x_wconf 79' lang='lat' dir='ltr'><strong>agre</strong></span> <span class='ocrx_word' id='word_1_107' title='bbox 792 1887 831 1947; x_wconf 91' lang='lat' dir='ltr'><strong>sit</strong></span> <span class='ocrx_word' id='word_1_108' title='bbox 843 1906 956 1968; x_wconf 76' lang='lat' dir='ltr'><strong>pusurs.</strong></span> <span class='ocrx_word' id='word_1_109' title='bbox 988 1887 1052 1953; x_wconf 88' lang='lat' dir='ltr'><strong>Sed</strong></span> 
     </span>
     <span class='ocr_line' id='line_1_16' title="bbox 102 1980 1052 2064; baseline 0.008 -25"><span class='ocrx_word' id='word_1_110' title='bbox 102 2000 215 2061; x_wconf 80' lang='lat' dir='ltr'><strong>nequeo</strong></span> <span class='ocrx_word' id='word_1_111' title='bbox 228 1980 386 2063; x_wconf 75' lang='lat' dir='ltr'><strong>republica</strong></span> <span class='ocrx_word' id='word_1_112' title='bbox 398 1980 498 2054; x_wconf 78' lang='lat' dir='ltr'><strong>tuisse,</strong></span> <span class='ocrx_word' id='word_1_113' title='bbox 512 1990 546 2042; x_wconf 91' lang='lat' dir='ltr'><strong>ut</strong></span> <span class='ocrx_word' id='word_1_114' title='bbox 558 1981 599 2043; x_wconf 90' lang='lat' dir='ltr'><strong>ad</strong></span> <span class='ocrx_word' id='word_1_115' title='bbox 612 1990 729 2043; x_wconf 89' lang='lat' dir='ltr'><strong>tautum</strong></span> <span class='ocrx_word' id='word_1_116' title='bbox 742 1982 856 2044; x_wconf 87' lang='lat' dir='ltr'><strong>bellum</strong></span> <span class='ocrx_word' id='word_1_117' title='bbox 868 1983 1052 2064; x_wconf 48' lang='lat' dir='ltr'><strong>imperatori</strong></span> 
     </span>
     <span class='ocr_line' id='line_1_17' title="bbox 102 2078 1052 2158; baseline 0.006 -20"><span class='ocrx_word' id='word_1_118' title='bbox 102 2080 190 2139; x_wconf 84' lang='lat' dir='ltr'><strong>erecti</strong></span> <span class='ocrx_word' id='word_1_119' title='bbox 196 2080 264 2158; x_wconf 82' lang='lat' dir='ltr'><strong>jsm</strong></span> <span class='ocrx_word' id='word_1_120' title='bbox 276 2078 344 2152; x_wconf 77' lang='lat' dir='ltr'><strong>arri,</strong></span> <span class='ocrx_word' id='word_1_121' title='bbox 355 2080 568 2141; x_wconf 69' lang='lat' dir='ltr'><strong>exhaustarum</strong></span> <span class='ocrx_word' id='word_1_122' title='bbox 578 2080 697 2155; x_wconf 81' lang='lat' dir='ltr'><strong>virium,</strong></span> <span class='ocrx_word' id='word_1_123' title='bbox 711 2088 743 2141; x_wconf 87' lang='lat' dir='ltr'><strong>et</strong></span> <span class='ocrx_word' id='word_1_124' title='bbox 754 2080 804 2143; x_wconf 82' lang='lat' dir='ltr'><strong>oui</strong></span> <span class='ocrx_word' id='word_1_125' title='bbox 817 2078 908 2142; x_wconf 90' lang='lat' dir='ltr'><strong>modo</strong></span> <span class='ocrx_word' id='word_1_126' title='bbox 919 2079 1052 2157; x_wconf 83' lang='lat' dir='ltr'><strong>difficilis</strong></span> 
     </span>
     <span class='ocr_line' id='line_1_18' title="bbox 101 2174 849 2249; baseline 0.003 -12"><span class='ocrx_word' id='word_1_127' title='bbox 101 2174 227 2238; x_wconf 80' lang='lat' dir='ltr'><strong>iultaliu</strong></span> <span class='ocrx_word' id='word_1_128' title='bbox 234 2175 345 2237; x_wconf 91' lang='lat' dir='ltr'><strong>militia</strong></span> <span class='ocrx_word' id='word_1_129' title='bbox 356 2176 472 2249; x_wconf 84' lang='lat' dir='ltr'><strong>suisset,</strong></span> <span class='ocrx_word' id='word_1_130' title='bbox 486 2184 566 2239; x_wconf 81' lang='lat' dir='ltr'><strong>trum</strong></span> <span class='ocrx_word' id='word_1_131' title='bbox 578 2196 659 2239; x_wconf 88' lang='lat' dir='ltr'><strong>mare</strong></span> <span class='ocrx_word' id='word_1_132' title='bbox 672 2177 849 2240; x_wconf 75' lang='lat' dir='ltr'><strong>mitteretur.</strong></span> 
     </span>
    </p>

    <p class='ocr_par' dir='ltr' id='par_1_7' title="bbox 98 2272 1049 3228">
     <span class='ocr_line' id='line_1_19' title="bbox 135 2272 1049 2356; baseline 0.002 -21"><span class='ocrx_word' id='word_1_133' title='bbox 135 2279 181 2335; x_wconf 77' lang='grc'><strong>34.</strong></span> <span class='ocrx_word' id='word_1_134' title='bbox 201 2272 286 2335; x_wconf 81' lang='lat' dir='ltr'><strong>‘Sed</strong></span> <span class='ocrx_word' id='word_1_135' title='bbox 298 2293 354 2335; x_wconf 88' lang='lat' dir='ltr'><strong>nee</strong></span> <span class='ocrx_word' id='word_1_136' title='bbox 367 2272 410 2334; x_wconf 91' lang='lat' dir='ltr'><strong>ibi</strong></span> <span class='ocrx_word' id='word_1_137' title='bbox 422 2273 587 2335; x_wconf 81' lang='lat' dir='ltr'><strong>substitisse</strong></span> <span class='ocrx_word' id='word_1_138' title='bbox 597 2272 834 2335; x_wconf 74' lang='lat' dir='ltr'><strong>adversariorum</strong></span> <span class='ocrx_word' id='word_1_139' title='bbox 847 2274 1049 2356; x_wconf 72' lang='lat' dir='ltr'><strong>insolentium,</strong></span> 
     </span>
     <span class='ocr_line' id='line_1_20' title="bbox 100 2368 1048 2452; baseline 0.001 -22"><span class='ocrx_word' id='word_1_140' title='bbox 100 2370 300 2431; x_wconf 79' lang='lat' dir='ltr'><strong>verumetiam</strong></span> <span class='ocrx_word' id='word_1_141' title='bbox 323 2370 363 2431; x_wconf 88' lang='lat' dir='ltr'><strong>ad</strong></span> <span class='ocrx_word' id='word_1_142' title='bbox 382 2370 555 2451; x_wconf 81' lang='lat' dir='ltr'><strong>saugrriuem</strong></span> <span class='ocrx_word' id='word_1_143' title='bbox 575 2389 613 2431; x_wconf 90' lang='lat' dir='ltr'><strong>ac</strong></span> <span class='ocrx_word' id='word_1_144' title='bbox 633 2368 732 2431; x_wconf 79' lang='lat' dir='ltr'><strong>omdes</strong></span> <span class='ocrx_word' id='word_1_145' title='bbox 749 2370 891 2452; x_wconf 76' lang='lat' dir='ltr'><strong>erupisse.</strong></span> <span class='ocrx_word' id='word_1_146' title='bbox 932 2370 1048 2445; x_wconf 81' lang='lat' dir='ltr'><strong>Filium</strong></span> 
     </span>
     <span class='ocr_line' id='line_1_21' title="bbox 100 2466 1047 2549; baseline 0.002 -22"><span class='ocrx_word' id='word_1_147' title='bbox 100 2466 226 2541; x_wconf 81' lang='lat' dir='ltr'><strong>consulis,</strong></span> <span class='ocrx_word' id='word_1_148' title='bbox 246 2466 436 2549; x_wconf 84' lang='lat' dir='ltr'><strong>eundemque</strong></span> <span class='ocrx_word' id='word_1_149' title='bbox 453 2467 584 2529; x_wconf 86' lang='lat' dir='ltr'><strong>consulis</strong></span> <span class='ocrx_word' id='word_1_150' title='bbox 602 2466 724 2527; x_wconf 83' lang='lat' dir='ltr'><strong>ulterius</strong></span> <span class='ocrx_word' id='word_1_151' title='bbox 745 2486 885 2547; x_wconf 77' lang='lat' dir='ltr'><strong>generum</strong></span> <span class='ocrx_word' id='word_1_152' title='bbox 896 2468 1047 2529; x_wconf 82' lang='lat' dir='ltr'><strong>occisum:</strong></span> 
     </span>
     <span class='ocr_line' id='line_1_22' title="bbox 101 2563 1049 2647; baseline 0.004 -22"><span class='ocrx_word' id='word_1_153' title='bbox 101 2572 200 2641; x_wconf 84' lang='lat' dir='ltr'><strong>putrem</strong></span> <span class='ocrx_word' id='word_1_154' title='bbox 218 2566 285 2646; x_wconf 89' lang='lat' dir='ltr'><strong>ejus</strong></span> <span class='ocrx_word' id='word_1_155' title='bbox 303 2564 388 2644; x_wconf 78' lang='lat' dir='ltr'><strong>luga,</strong></span> <span class='ocrx_word' id='word_1_156' title='bbox 407 2584 542 2626; x_wconf 76' lang='lat' dir='ltr'><strong>socerum</strong></span> <span class='ocrx_word' id='word_1_157' title='bbox 560 2563 792 2627; x_wconf 71' lang='lat' dir='ltr'><strong>dissimulatione</strong></span> <span class='ocrx_word' id='word_1_158' title='bbox 813 2573 847 2627; x_wconf 87' lang='lat' dir='ltr'><strong>et</strong></span> <span class='ocrx_word' id='word_1_159' title='bbox 865 2565 1049 2647; x_wconf 82' lang='lat' dir='ltr'><strong>temporibus</strong></span> 
     </span>
     <span class='ocr_line' id='line_1_23' title="bbox 100 2658 1047 2743; baseline 0.006 -26"><span class='ocrx_word' id='word_1_160' title='bbox 100 2658 288 2743; x_wconf 81' lang='lat' dir='ltr'><strong>obsequendo,</strong></span> <span class='ocrx_word' id='word_1_161' title='bbox 300 2663 355 2724; x_wconf 85' lang='lat' dir='ltr'><strong>vix</strong></span> <span class='ocrx_word' id='word_1_162' title='bbox 373 2663 530 2724; x_wconf 81' lang='lat' dir='ltr'><strong>retinuisse</strong></span> <span class='ocrx_word' id='word_1_163' title='bbox 542 2663 647 2724; x_wconf 78' lang='lat' dir='ltr'><strong>ritem.</strong></span> <span class='ocrx_word' id='word_1_164' title='bbox 689 2660 785 2743; x_wconf 79' lang='lat' dir='ltr'><strong>Sylloe</strong></span> <span class='ocrx_word' id='word_1_165' title='bbox 799 2683 872 2724; x_wconf 84' lang='lat' dir='ltr'><strong>vero</strong></span> <span class='ocrx_word' id='word_1_166' title='bbox 891 2661 980 2724; x_wconf 89' lang='lat' dir='ltr'><strong>sicuti</strong></span> <span class='ocrx_word' id='word_1_167' title='bbox 992 2661 1047 2723; x_wconf 92' lang='lat' dir='ltr'><strong>do·</strong></span> 
     </span>
     <span class='ocr_line' id='line_1_24' title="bbox 99 2753 1048 2840; baseline 0.008 -28"><span class='ocrx_word' id='word_1_168' title='bbox 99 2753 181 2817; x_wconf 88' lang='lat' dir='ltr'><strong>iorem</strong></span> <span class='ocrx_word' id='word_1_169' title='bbox 191 2778 249 2820; x_wconf 88' lang='lat' dir='ltr'><strong>uon</strong></span> <span class='ocrx_word' id='word_1_170' title='bbox 263 2759 420 2840; x_wconf 88' lang='lat' dir='ltr'><strong>injustum,</strong></span> <span class='ocrx_word' id='word_1_171' title='bbox 434 2760 478 2820; x_wconf 92' lang='lat' dir='ltr'><strong>ita</strong></span> <span class='ocrx_word' id='word_1_172' title='bbox 490 2757 667 2822; x_wconf 76' lang='lat' dir='ltr'><strong>modestiam</strong></span> <span class='ocrx_word' id='word_1_173' title='bbox 679 2759 711 2818; x_wconf 91' lang='lat' dir='ltr'><strong>iu</strong></span> <span class='ocrx_word' id='word_1_174' title='bbox 722 2759 848 2820; x_wconf 82' lang='lat' dir='ltr'><strong>victorie</strong></span> <span class='ocrx_word' id='word_1_175' title='bbox 867 2757 1048 2840; x_wconf 73' lang='lat' dir='ltr'><strong>singularem</strong></span> 
     </span>
     <span class='ocr_line' id='line_1_25' title="bbox 99 2849 1046 2936; baseline 0.007 -26"><span class='ocrx_word' id='word_1_176' title='bbox 99 2849 186 2914; x_wconf 85' lang='lat' dir='ltr'><strong>fuisse.</strong></span> <span class='ocrx_word' id='word_1_177' title='bbox 226 2854 277 2916; x_wconf 88' lang='lat' dir='ltr'><strong>De</strong></span> <span class='ocrx_word' id='word_1_178' title='bbox 289 2857 438 2916; x_wconf 84' lang='lat' dir='ltr'><strong>sententie</strong></span> <span class='ocrx_word' id='word_1_179' title='bbox 449 2864 570 2916; x_wconf 78' lang='lat' dir='ltr'><strong>senatus</strong></span> <span class='ocrx_word' id='word_1_180' title='bbox 582 2864 615 2916; x_wconf 89' lang='lat' dir='ltr'><strong>et</strong></span> <span class='ocrx_word' id='word_1_181' title='bbox 626 2855 731 2936; x_wconf 90' lang='lat' dir='ltr'><strong>optimi</strong></span> <span class='ocrx_word' id='word_1_182' title='bbox 744 2857 890 2936; x_wconf 88' lang='lat' dir='ltr'><strong>cujusque</strong></span> <span class='ocrx_word' id='word_1_183' title='bbox 903 2856 1046 2917; x_wconf 78' lang='lat' dir='ltr'><strong>sorsum-</strong></span> 
     </span>
     <span class='ocr_line' id='line_1_26' title="bbox 99 2950 1044 3034; baseline 0.003 -23"><span class='ocrx_word' id='word_1_184' title='bbox 99 2953 392 3034; x_wconf 72' lang='lat' dir='ltr'><strong>tamrempublicam</strong></span> <span class='ocrx_word' id='word_1_185' title='bbox 407 2952 560 3014; x_wconf 84' lang='lat' dir='ltr'><strong>liberrima</strong></span> <span class='ocrx_word' id='word_1_186' title='bbox 571 2953 797 3032; x_wconf 76' lang='lat' dir='ltr'><strong>magistratuum</strong></span> <span class='ocrx_word' id='word_1_187' title='bbox 810 2952 932 3013; x_wconf 88' lang='lat' dir='ltr'><strong>comitia</strong></span> <span class='ocrx_word' id='word_1_188' title='bbox 943 2950 1044 3014; x_wconf 81' lang='lat' dir='ltr'><strong>fuisse.</strong></span> 
     </span>
     <span class='ocr_line' id='line_1_27' title="bbox 99 3045 1046 3130; baseline 0.005 -24"><span class='ocrx_word' id='word_1_189' title='bbox 99 3045 192 3128; x_wconf 81' lang='lat' dir='ltr'><strong>Atque</strong></span> <span class='ocrx_word' id='word_1_190' title='bbox 203 3049 269 3112; x_wconf 80' lang='lat' dir='ltr'><strong>haee</strong></span> <span class='ocrx_word' id='word_1_191' title='bbox 282 3050 385 3111; x_wconf 89' lang='lat' dir='ltr'><strong>omnia</strong></span> <span class='ocrx_word' id='word_1_192' title='bbox 396 3051 480 3110; x_wconf 89' lang='lat' dir='ltr'><strong>socio</strong></span> <span class='ocrx_word' id='word_1_193' title='bbox 490 3057 521 3112; x_wconf 89' lang='lat' dir='ltr'><strong>et</strong></span> <span class='ocrx_word' id='word_1_194' title='bbox 534 3047 670 3130; x_wconf 87' lang='lat' dir='ltr'><strong>adjutore</strong></span> <span class='ocrx_word' id='word_1_195' title='bbox 682 3048 726 3116; x_wconf 78' lang='lat' dir='ltr'><strong>Q·</strong></span> <span class='ocrx_word' id='word_1_196' title='bbox 740 3048 892 3130; x_wconf 85' lang='lat' dir='ltr'><strong>Pompeio</strong></span> <span class='ocrx_word' id='word_1_197' title='bbox 904 3058 1000 3128; x_wconf 86' lang='lat' dir='ltr'><strong>gesta,</strong></span> <span class='ocrx_word' id='word_1_198' title='bbox 1011 3057 1046 3111; x_wconf 93' lang='lat' dir='ltr'><strong>ut</strong></span> 
     </span>
     <span class='ocr_line' id='line_1_28' title="bbox 98 3141 1045 3228; baseline 0.008 -28"><span class='ocrx_word' id='word_1_199' title='bbox 98 3141 209 3206; x_wconf 86' lang='lat' dir='ltr'><strong>duorum</strong></span> <span class='ocrx_word' id='word_1_200' title='bbox 227 3145 386 3208; x_wconf 81' lang='lat' dir='ltr'><strong>consulum</strong></span> <span class='ocrx_word' id='word_1_201' title='bbox 403 3145 559 3208; x_wconf 84' lang='lat' dir='ltr'><strong>voluntate</strong></span> <span class='ocrx_word' id='word_1_202' title='bbox 579 3165 616 3208; x_wconf 86' lang='lat' dir='ltr'><strong>ee</strong></span> <span class='ocrx_word' id='word_1_203' title='bbox 636 3165 779 3207; x_wconf 88' lang='lat' dir='ltr'><strong>consensu</strong></span> <span class='ocrx_word' id='word_1_204' title='bbox 801 3143 926 3208; x_wconf 85' lang='lat' dir='ltr'><strong>fierent:</strong></span> <span class='ocrx_word' id='word_1_205' title='bbox 947 3165 1045 3228; x_wconf 82' lang='lat' dir='ltr'><strong>neque</strong></span> 
     </span>
    </p>
   </div>
   <div class='ocr_carea' id='block_1_7' title="bbox 97 3239 1095 3326">
    <p class='ocr_par' dir='ltr' id='par_1_8' title="bbox 97 3239 1095 3326">
     <span class='ocr_line' id='line_1_29' title="bbox 97 3239 1095 3326; baseline 0.005 -26"><span class='ocrx_word' id='word_1_206' title='bbox 97 3239 167 3302; x_wconf 84' lang='lat' dir='ltr'><strong>aliud</strong></span> <span class='ocrx_word' id='word_1_207' title='bbox 179 3261 334 3324; x_wconf 62' lang='lat' dir='ltr'><strong>oppresus</strong></span> <span class='ocrx_word' id='word_1_208' title='bbox 345 3241 503 3326; x_wconf 76' lang='lat' dir='ltr'><strong>tyrannide</strong></span> <span class='ocrx_word' id='word_1_209' title='bbox 516 3241 681 3304; x_wconf 76' lang='lat' dir='ltr'><strong>lectionum</strong></span> <span class='ocrx_word' id='word_1_210' title='bbox 699 3241 810 3304; x_wconf 88' lang='lat' dir='ltr'><strong>Patres</strong></span> <span class='ocrx_word' id='word_1_211' title='bbox 822 3243 982 3325; x_wconf 86' lang='lat' dir='ltr'><strong>optavisse.</strong></span> <span class='ocrx_word' id='word_1_212' title='bbox 1092 3316 1095 3320; x_wconf 20' lang='lat'><em>¹</em></span> 
     </span>
    </p>
   </div>
   <div class='ocr_carea' id='block_1_8' title="bbox 97 3340 1044 3522">
    <p class='ocr_par' dir='ltr' id='par_1_9' title="bbox 97 3340 1044 3522">
     <span class='ocr_line' id='line_1_30' title="bbox 131 3340 1044 3422; baseline 0.004 -22"><span class='ocrx_word' id='word_1_213' title='bbox 131 3345 176 3404; x_wconf 75' lang='lat'><strong>³6.</strong></span> <span class='ocrx_word' id='word_1_214' title='bbox 196 3340 304 3408; x_wconf 81' lang='lat' dir='ltr'><strong>‘Quid</strong></span> <span class='ocrx_word' id='word_1_215' title='bbox 324 3360 395 3402; x_wconf 85' lang='lat' dir='ltr'><strong>vero</strong></span> <span class='ocrx_word' id='word_1_216' title='bbox 418 3340 547 3412; x_wconf 86' lang='lat' dir='ltr'><strong>stultius,</strong></span> <span class='ocrx_word' id='word_1_217' title='bbox 569 3340 716 3422; x_wconf 86' lang='lat' dir='ltr'><strong>siquidem</strong></span> <span class='ocrx_word' id='word_1_218' title='bbox 737 3341 883 3403; x_wconf 82' lang='lat' dir='ltr'><strong>violentia</strong></span> <span class='ocrx_word' id='word_1_219' title='bbox 904 3349 1044 3422; x_wconf 85' lang='lat' dir='ltr'><strong>arguatur</strong></span> 
     </span>
     <span class='ocr_line' id='line_1_31' title="bbox 97 3431 1044 3522; baseline 0.012 -28"><span class='ocrx_word' id='word_1_220' title='bbox 97 3431 191 3516; x_wconf 79' lang='lat' dir='ltr'><strong>Spllae,</strong></span> <span class='ocrx_word' id='word_1_221' title='bbox 204 3459 297 3522; x_wconf 91' lang='lat' dir='ltr'><strong>quam</strong></span> <span class='ocrx_word' id='word_1_222' title='bbox 318 3440 431 3500; x_wconf 76' lang='lat' dir='ltr'><strong>irritare</strong></span> <span class='ocrx_word' id='word_1_223' title='bbox 452 3439 608 3520; x_wconf 82' lang='lat' dir='ltr'><strong>impeturn,</strong></span> <span class='ocrx_word' id='word_1_224' title='bbox 621 3459 682 3520; x_wconf 92' lang='lat' dir='ltr'><strong>quo</strong></span> <span class='ocrx_word' id='word_1_225' title='bbox 700 3439 814 3501; x_wconf 80' lang='lat' dir='ltr'><strong>violata</strong></span> <span class='ocrx_word' id='word_1_226' title='bbox 833 3439 935 3500; x_wconf 89' lang='lat' dir='ltr'><strong>omnia</strong></span> <span class='ocrx_word' id='word_1_227' title='bbox 953 3439 1044 3505; x_wconf 86' lang='lat' dir='ltr'><strong>modo.</strong></span> 
     </span>
    </p>
   </div>
   <div class='ocr_carea' id='block_1_9' title="bbox 95 3534 1206 3726">
    <p class='ocr_par' dir='ltr' id='par_1_10' title="bbox 95 3534 1206 3726">
     <span class='ocr_line' id='line_1_32' title="bbox 96 3534 1206 3620; baseline -0.003 -23"><span class='ocrx_word' id='word_1_228' title='bbox 96 3550 233 3598; x_wconf 68' lang='lat' dir='ltr'><strong>wesema</strong></span> <span class='ocrx_word' id='word_1_229' title='bbox 241 3537 399 3620; x_wconf 74' lang='lat' dir='ltr'><strong>queraris?</strong></span> <span class='ocrx_word' id='word_1_230' title='bbox 441 3534 567 3598; x_wconf 83' lang='lat' dir='ltr'><strong>Scilicet</strong></span> <span class='ocrx_word' id='word_1_231' title='bbox 577 3535 611 3598; x_wconf 83' lang='lat' dir='ltr'><strong>L.</strong></span> <span class='ocrx_word' id='word_1_232' title='bbox 624 3536 754 3598; x_wconf 80' lang='lat' dir='ltr'><strong>Cianum</strong></span> <span class='ocrx_word' id='word_1_233' title='bbox 763 3537 1045 3616; x_wconf 73' lang='lat' dir='ltr'><strong>novumcouaulem,¹</strong></span> <span class='ocrx_word' id='word_1_234' title='bbox 1070 3553 1125 3606; x_wconf 80' lang='lat' dir='ltr'><strong>cia</strong></span> <span class='ocrx_word' id='word_1_235' title='bbox 1134 3555 1206 3606; x_wconf 64' lang='lat' dir='ltr'><strong>nm„</strong></span> 
     </span>
     <span class='ocr_line' id='line_1_33' title="bbox 95 3625 1150 3726; baseline 0 -36"><span class='ocrx_word' id='word_1_236' title='bbox 95 3629 297 3714; x_wconf 84' lang='lat' dir='ltr'><strong>etVergiuium</strong></span> <span class='ocrx_word' id='word_1_237' title='bbox 311 3633 368 3716; x_wconf 84' lang='lat' dir='ltr'><strong>irae</strong></span> <span class='ocrx_word' id='word_1_238' title='bbox 379 3631 517 3694; x_wconf 88' lang='lat' dir='ltr'><strong>balbutie</strong></span> <span class='ocrx_word' id='word_1_239' title='bbox 526 3632 811 3706; x_wconf 87' lang='lat' dir='ltr'><strong>tribunum,leturos</strong></span> <span class='ocrx_word' id='word_1_240' title='bbox 823 3642 1041 3715; x_wconf 85' lang='lat' dir='ltr'><strong>tempestatem,</strong></span> <span class='ocrx_word' id='word_1_241' title='bbox 1050 3636 1078 3674; x_wconf 61' lang='lat'><strong>³·</strong></span> <span class='ocrx_word' id='word_1_242' title='bbox 1088 3625 1130 3717; x_wconf 35' lang='lat'><strong>⁴⁸¹·</strong></span> <span class='ocrx_word' id='word_1_243' title='bbox 1144 3719 1150 3726; x_wconf 28' lang='grc' dir='ltr'>ι</span> 
     </span>
    </p>
   </div>
   <div class='ocr_carea' id='block_1_10' title="bbox 93 3727 1042 4396">
    <p class='ocr_par' dir='ltr' id='par_1_11' title="bbox 93 3727 1042 4396">
     <span class='ocr_line' id='line_1_34' title="bbox 94 3727 1039 3812; baseline 0.008 -26"><span class='ocrx_word' id='word_1_244' title='bbox 94 3727 257 3792; x_wconf 79' lang='lat' dir='ltr'><strong>cuieumms</strong></span> <span class='ocrx_word' id='word_1_245' title='bbox 269 3729 367 3809; x_wconf 86' lang='lat' dir='ltr'><strong>gloria</strong></span> <span class='ocrx_word' id='word_1_246' title='bbox 378 3727 464 3802; x_wconf 88' lang='lat' dir='ltr'><strong>belli,</strong></span> <span class='ocrx_word' id='word_1_247' title='bbox 484 3749 660 3812; x_wconf 82' lang='lat' dir='ltr'><strong>summeque</strong></span> <span class='ocrx_word' id='word_1_248' title='bbox 677 3730 819 3792; x_wconf 77' lang='lat' dir='ltr'><strong>facundia</strong></span> <span class='ocrx_word' id='word_1_249' title='bbox 831 3730 900 3802; x_wconf 87' lang='lat' dir='ltr'><strong>viri,</strong></span> <span class='ocrx_word' id='word_1_250' title='bbox 915 3728 953 3792; x_wconf 84' lang='lat' dir='ltr'><strong>C.</strong></span> <span class='ocrx_word' id='word_1_251' title='bbox 969 3729 1039 3794; x_wconf 89' lang='lat' dir='ltr'><strong>Ma·</strong></span> 
     </span>
     <span class='ocr_line' id='line_1_35' title="bbox 94 3824 1041 3910; baseline 0.005 -26"><span class='ocrx_word' id='word_1_252' title='bbox 94 3824 154 3897; x_wconf 87' lang='lat' dir='ltr'><strong>rius,</strong></span> <span class='ocrx_word' id='word_1_253' title='bbox 172 3826 213 3888; x_wconf 91' lang='lat' dir='ltr'><strong>P.</strong></span> <span class='ocrx_word' id='word_1_254' title='bbox 234 3825 389 3909; x_wconf 82' lang='lat' dir='ltr'><strong>Sulpicius</strong></span> <span class='ocrx_word' id='word_1_255' title='bbox 400 3826 641 3890; x_wconf 82' lang='lat' dir='ltr'><strong>succubuissent!</strong></span> <span class='ocrx_word' id='word_1_256' title='bbox 685 3827 729 3891; x_wconf 86' lang='lat' dir='ltr'><strong>Et</strong></span> <span class='ocrx_word' id='word_1_257' title='bbox 741 3827 858 3890; x_wconf 83' lang='lat' dir='ltr'><strong>liscum</strong></span> <span class='ocrx_word' id='word_1_258' title='bbox 871 3828 1041 3910; x_wconf 80' lang='lat' dir='ltr'><strong>incipienti·</strong></span> 
     </span>
     <span class='ocr_line' id='line_1_36' title="bbox 94 3919 1040 4006; baseline 0.005 -26"><span class='ocrx_word' id='word_1_259' title='bbox 94 3919 142 3982; x_wconf 90' lang='lat' dir='ltr'><strong>bus</strong></span> <span class='ocrx_word' id='word_1_260' title='bbox 158 3923 255 3986; x_wconf 83' lang='lat' dir='ltr'><strong>adhuc</strong></span> <span class='ocrx_word' id='word_1_261' title='bbox 279 3922 373 4006; x_wconf 76' lang='lat' dir='ltr'><strong>Syllae</strong></span> <span class='ocrx_word' id='word_1_262' title='bbox 391 3923 499 4004; x_wconf 88' lang='lat' dir='ltr'><strong>opibus</strong></span> <span class='ocrx_word' id='word_1_263' title='bbox 517 3925 669 4004; x_wconf 88' lang='lat' dir='ltr'><strong>negotium</strong></span> <span class='ocrx_word' id='word_1_264' title='bbox 680 3924 791 3994; x_wconf 71' lang='lat' dir='ltr'><strong>fuisser</strong></span> <span class='ocrx_word' id='word_1_265' title='bbox 813 3943 893 3985; x_wconf 85' lang='lat' dir='ltr'><strong>nuuc</strong></span> <span class='ocrx_word' id='word_1_266' title='bbox 905 3943 1040 4005; x_wconf 87' lang='lat' dir='ltr'><strong>pugnau-</strong></span> 
     </span>
     <span class='ocr_line' id='line_1_37' title="bbox 93 4018 1042 4102; baseline 0.002 -22"><span class='ocrx_word' id='word_1_267' title='bbox 93 4018 155 4082; x_wconf 90' lang='lat' dir='ltr'><strong>dum</strong></span> <span class='ocrx_word' id='word_1_268' title='bbox 176 4021 238 4084; x_wconf 83' lang='lat' dir='ltr'><strong>iore</strong></span> <span class='ocrx_word' id='word_1_269' title='bbox 263 4042 334 4084; x_wconf 88' lang='lat' dir='ltr'><strong>cum</strong></span> <span class='ocrx_word' id='word_1_270' title='bbox 359 4019 550 4083; x_wconf 82' lang='lat' dir='ltr'><strong>confirmetis.</strong></span> <span class='ocrx_word' id='word_1_271' title='bbox 592 4021 724 4082; x_wconf 88' lang='lat' dir='ltr'><strong>Eosdem</strong></span> <span class='ocrx_word' id='word_1_272' title='bbox 747 4021 816 4082; x_wconf 87' lang='lat' dir='ltr'><strong>illos</strong></span> <span class='ocrx_word' id='word_1_273' title='bbox 840 4021 961 4094; x_wconf 83' lang='lat' dir='ltr'><strong>milites,</strong></span> <span class='ocrx_word' id='word_1_274' title='bbox 986 4023 1042 4102; x_wconf 90' lang='lat' dir='ltr'><strong>qui</strong></span> 
     </span>
     <span class='ocr_line' id='line_1_38' title="bbox 94 4117 1038 4200; baseline 0.003 -24"><span class='ocrx_word' id='word_1_275' title='bbox 94 4117 247 4180; x_wconf 87' lang='lat' dir='ltr'><strong>nullodum</strong></span> <span class='ocrx_word' id='word_1_276' title='bbox 261 4119 404 4200; x_wconf 83' lang='lat' dir='ltr'><strong>exemplo</strong></span> <span class='ocrx_word' id='word_1_277' title='bbox 418 4126 519 4199; x_wconf 86' lang='lat' dir='ltr'><strong>portas</strong></span> <span class='ocrx_word' id='word_1_278' title='bbox 532 4119 614 4180; x_wconf 91' lang='lat' dir='ltr'><strong>urbis</strong></span> <span class='ocrx_word' id='word_1_279' title='bbox 625 4118 770 4179; x_wconf 84' lang='lat' dir='ltr'><strong>hostiliter</strong></span> <span class='ocrx_word' id='word_1_280' title='bbox 790 4127 888 4180; x_wconf 78' lang='lat' dir='ltr'><strong>essem</strong></span> <span class='ocrx_word' id='word_1_281' title='bbox 906 4119 971 4178; x_wconf 87' lang='lat' dir='ltr'><strong>ausi</strong></span> <span class='ocrx_word' id='word_1_282' title='bbox 991 4138 1038 4179; x_wconf 89' lang='lat' dir='ltr'><strong>re·</strong></span> 
     </span>
     <span class='ocr_line' id='line_1_39' title="bbox 93 4213 1037 4298; baseline 0.002 -24"><span class='ocrx_word' id='word_1_283' title='bbox 93 4213 209 4290; x_wconf 88' lang='lat' dir='ltr'><strong>cludere,</strong></span> <span class='ocrx_word' id='word_1_284' title='bbox 227 4237 310 4278; x_wconf 83' lang='lat' dir='ltr'><strong>nuuc</strong></span> <span class='ocrx_word' id='word_1_285' title='bbox 329 4215 456 4278; x_wconf 76' lang='lat' dir='ltr'><strong>feliciter</strong></span> <span class='ocrx_word' id='word_1_286' title='bbox 472 4223 616 4278; x_wconf 74' lang='lat' dir='ltr'><strong>tentatam</strong></span> <span class='ocrx_word' id='word_1_287' title='bbox 635 4217 707 4288; x_wconf 88' lang='lat' dir='ltr'><strong>vim,</strong></span> <span class='ocrx_word' id='word_1_288' title='bbox 720 4220 928 4298; x_wconf 76' lang='lat' dir='ltr'><strong>quocunque⁵</strong></span> <span class='ocrx_word' id='word_1_289' title='bbox 945 4217 1037 4295; x_wconf 84' lang='lat' dir='ltr'><strong>jube·</strong></span> 
     </span>
     <span class='ocr_line' id='line_1_40' title="bbox 94 4311 718 4396; baseline 0.006 -26"><span class='ocrx_word' id='word_1_290' title='bbox 94 4321 132 4372; x_wconf 89' lang='lat' dir='ltr'><strong>ret</strong></span> <span class='ocrx_word' id='word_1_291' title='bbox 142 4314 309 4396; x_wconf 85' lang='lat' dir='ltr'><strong>imperator,</strong></span> <span class='ocrx_word' id='word_1_292' title='bbox 321 4313 510 4375; x_wconf 85' lang='lat' dir='ltr'><strong>incontauter</strong></span> <span class='ocrx_word' id='word_1_293' title='bbox 524 4311 718 4374; x_wconf 85' lang='lat' dir='ltr'><strong>adhibituros.</strong></span> 
     </span>
    </p>
   </div>
   <div class='ocr_carea' id='block_1_11' title="bbox 206 4479 864 4545">
    <p class='ocr_par' dir='ltr' id='par_1_12' title="bbox 206 4479 864 4545">
     <span class='ocr_line' id='line_1_41' title="bbox 206 4479 864 4545; baseline -0.006 -11"><span class='ocrx_word' id='word_1_294' title='bbox 206 4525 216 4534; x_wconf 85' lang='lat'>.</span> <span class='ocrx_word' id='word_1_295' title='bbox 252 4487 269 4532; x_wconf 79' lang='grc'><strong>4</strong></span> <span class='ocrx_word' id='word_1_296' title='bbox 285 4481 391 4532; x_wconf 84' lang='lat' dir='ltr'><strong>Deerst</strong></span> <span class='ocrx_word' id='word_1_297' title='bbox 400 4495 449 4531; x_wconf 83' lang='lat' dir='ltr'><strong>vox</strong></span> <span class='ocrx_word' id='word_1_298' title='bbox 459 4481 591 4545; x_wconf 74' lang='lat' dir='ltr'><strong>imperator</strong></span> <span class='ocrx_word' id='word_1_299' title='bbox 601 4479 627 4528; x_wconf 86' lang='lat' dir='ltr'><strong>iu</strong></span> <span class='ocrx_word' id='word_1_300' title='bbox 640 4479 703 4531; x_wconf 85' lang='lat' dir='ltr'><strong>cdd.</strong></span> <span class='ocrx_word' id='word_1_301' title='bbox 713 4485 774 4532; x_wconf 81' lang='lat' dir='ltr'><strong>sote</strong></span> <span class='ocrx_word' id='word_1_302' title='bbox 785 4479 864 4530; x_wconf 85' lang='lat' dir='ltr'><strong>Cres.</strong></span> 
     </span>
    </p>
   </div>
   <div class='ocr_carea' id='block_1_12' title="bbox 250 4545 688 4611">
    <p class='ocr_par' dir='ltr' id='par_1_13' title="bbox 250 4545 688 4611">
     <span class='ocr_line' id='line_1_42' title="bbox 250 4545 688 4611; baseline -0.002 -15"><span class='ocrx_word' id='word_1_303' title='bbox 250 4552 267 4596; x_wconf 71' lang='lat' dir='ltr'><strong>o</strong></span> <span class='ocrx_word' id='word_1_304' title='bbox 286 4547 450 4611; x_wconf 65' lang='lat' dir='ltr'><strong>Oscum</strong></span> <span class='ocrx_word' id='word_1_305' title='bbox 460 4547 522 4598; x_wconf 83' lang='lat' dir='ltr'><strong>edd.</strong></span> <span class='ocrx_word' id='word_1_306' title='bbox 533 4555 596 4598; x_wconf 80' lang='lat' dir='ltr'><strong>aute</strong></span> <span class='ocrx_word' id='word_1_307' title='bbox 608 4545 688 4596; x_wconf 76' lang='lat' dir='ltr'><strong>Cres.</strong></span> 
     </span>
    </p>
   </div>
   <div class='ocr_carea' id='block_1_13' title="bbox 0 0 1654 5225">
    <p class='ocr_par' dir='ltr' id='par_1_14' title="bbox 0 0 1654 5225">
     <span class='ocr_line' id='line_1_43' title="bbox 0 0 1654 5225; baseline 0 2"><span class='ocrx_word' id='word_1_308' title='bbox 0 0 1654 5225; x_wconf 95' lang='lat' dir='ltr'><strong> </strong></span> 
     </span>
    </p>
   </div>
  </div>
 </body>
</html>
