3300 5225
424 532 532 611 nrnnr
555 532 677 582 cxxv.
699 532 1024 586 sunrnnunururr.
1192 518 1279 585 4497

159 695 266 747 navos,
278 683 313 736 ut
321 674 429 736 hostile
441 673 549 737 lenum
562 678 737 759 pepercerit,
749 677 851 757 legum
863 676 997 739 rindic‘ta
1008 698 1114 739 consu·

160 774 244 834 met.'
283 771 362 832 Cum
374 772 519 851 ejusmodi
530 775 663 835 oratione
676 771 712 835 L.
726 772 816 855 sylla
827 774 937 835 milites
945 775 1116 836 cohortatum
1246 818 1248 822 -

160 878 250 940 esset,
267 888 394 949 eamque
414 868 614 931 conditionem
633 872 763 932 maxime
783 872 835 952 qui
855 892 957 953 poenus
968 872 1115 934 interfecti

160 944 249 1025 ducis
268 966 414 1026 timebunt
434 966 543 1048 cupide
562 969 757 1049 uceepiment,
778 977 908 1049 promtus
927 977 1115 1050 paratosque,

160 1062 246 1123 etad
258 1062 359 1123 omnia
372 1062 488 1144 prolixe
499 1084 620 1144 operam
632 1064 817 1146 pollicentes,
831 1066 861 1124 in
875 1066 970 1125 eciem
983 1064 1097 1125 eduxit.

110 1229 119 1250 ἱ
164 1185 168 1193 ’
195 1160 459 1241 18.Botempcre,
469 1168 504 1219 ut
512 1148 635 1221 maximi
643 1160 1115 1242 quiquemortaliumconetuule·

161 1257 193 1316 vi
202 1256 330 1316 subinde
341 1276 412 1315 cusu
422 1255 593 1328 eluduntur,
601 1267 650 1317 'res
661 1279 715 1339 per
725 1279 758 1319 se
771 1258 1002 1339 haudquaquam
1015 1259 1115 1337 magni

163 1353 316 1422 momenti,
338 1352 490 1435 precipua
511 1360 610 1413 tamen
629 1352 763 1435 Syllanre
782 1356 917 1417 victoriae
936 1374 1028 1416 cause
1047 1354 1115 1427 luit,

163 1446 370 1511 Romanorum
381 1450 489 1529 insigni
500 1448 612 1511 fiducia
620 1450 810 1513 inflammatis
818 1451 935 1523 animis,
943 1459 975 1512 et
986 1452 1115 1512 hostiurn
1127 1462 1235 1531 Appium

162 1544 320 1606 alacritate
342 1547 487 1607 extinctu.
524 1545 636 1607 Gallus
654 1546 777 1627 quidam
800 1546 906 1627 insigni
927 1548 1115 1628 proceritate,

163 1642 217 1722 qui
239 1644 316 1703 inter
332 1629 449 1703 auxilie
460 1642 593 1703 Cluentii
605 1645 747 1717 merebat,
767 1662 837 1704 cum
855 1664 895 1704 ex
915 1642 1034 1705 diversa
1052 1646 1117 1707 acie

162 1736 353 1800 fortissimum
365 1759 512 1821 quemque
526 1737 565 1800 ed
581 1739 728 1819 singulare
746 1748 898 1800 certamen
917 1750 1116 1822 provocasset,

164 1834 204 1894 ub
216 1835 335 1915 exigue
346 1844 468 1896 stntm
482 1834 592 1895 Mauro
611 1834 776 1908 conlectus,
793 1843 911 1896 tantum
930 1836 1048 1917 pavoris
1062 1856 1115 1917 pc-

163 1930 320 2012 pnlaribus
335 1933 397 1993 suis
409 1930 524 2011 injecit,
544 1932 646 1993 utrix
665 1933 790 2013 primum
808 1931 934 1993 telorum
948 1932 1116 2013 conjectum

162 2028 358 2089 sustinerent'
470 2103 473 2109 Ι

203 2131 255 2185 14.
277 2124 436 2186 Gallorum
447 2123 520 2204 lugu
530 2115 806 2205 sociorumquoque
814 2126 976 2187 commovit
986 2124 1114 2199 ordines,

163 2222 393 2302 perterritusque
405 2230 438 2281 et
449 2221 593 2292 turbatos,
605 2228 749 2301 tanquam
765 2220 885 2281 imbelle
899 2221 1051 2302 pecudum
1064 2242 1116 2301 ng·

162 2334 243 2389 men,
256 2317 447 2379 trucidandos
458 2318 535 2378 hosti
547 2318 683 2398 prmbuit.
726 2315 840 2397 Neque
857 2320 1051 2398 pugnantium
1069 2318 1116 2380 fu·

163 2414 367 2495 gientinmque
396 2416 493 2474 minus
519 2413 640 2493 triginta
671 2412 768 2475 millia
796 2415 917 2495 periisse
944 2413 1117 2477 reseruntur.

164 2508 348 2571 carentem
358 2508 435 2571 duce
449 2510 603 2581 cluentio,
617 2508 693 2570 nihil
705 2518 803 2571 tutmn
821 2510 1010 2583 arbitrantes,
1024 2511 1117 2593 prius-

162 2626 255 2687 quam
277 2606 316 2668 ad
336 2605 452 2669 Nolam
473 2627 559 2669 curun
580 2606 793 2687 pervenissent,
809 2615 909 2668 caetra
931 2616 1000 2668 ante
1023 2608 1118 2690 ipsum

163 2703 270 2767 urbem
283 2712 453 2786 posuerunt.
495 2702 585 2785 Syllo
596 2723 655 2764 non
667 2703 796 2785 amplius
807 2713 948 2777 moratus,
962 2715 1051 2784 quum
1065 2705 1119 2766 do·
1129 2720 1185 2774 Liv.
1196 2721 1262 2788 Epir.

163 2819 219 2861 uec
241 2801 372 2861 hostium
392 2809 492 2860 cantm
507 2807 715 2882 expugnasset,
737 2801 801 2862 sive
820 2799 931 2862 deditis
951 2799 1118 2882 Pompeiis,

162 2897 227 2959 sive
244 2905 314 2978 post
325 2905 442 2975 tamtarn¹
451 2916 571 2959 suorum
587 2894 705 2957 cladem
718 2907 833 2958 mature
846 2898 977 2957 venturis
988 2899 1019 2958 in
1031 2897 1116 2960 dedi·
1128 2915 1198 2969 om

163 2994 289 3067 donem,
302 2995 435 3076 protinus
454 2977 596 3055 victorem
614 2994 777 3055 exercitum
790 2993 830 3055 ed
844 2993 1060 3076 persequendus
1071 3015 1116 3056 re-

164 3091 289 3152 bellium
300 3092 443 3174 reliquies
460 3093 491 3152 in
501 3111 603 3171 agrum
617 3089 773 3152 Nolanum
792 3089 886 3152 ducit

164 3225 170 3237 ι
205 3195 257 3250 15.
280 3189 329 3250 Eo
341 3189 401 3249 loci
413 3207 482 3248 cnm
497 3197 596 3248 castra
614 3186 864 3260 communirimet,
878 3187 990 3249 occidit
1000 3197 1036 3250 ut
1047 3197 1116 3251 ante
1147 3205 1246 3258 ciere

164 3286 336 3366 pmtorium
361 3282 438 3345 forte
456 3283 623 3345 immolanti
644 3284 744 3343 subito
762 3304 806 3344 ex
822 3282 925 3344 infima
941 3305 994 3345 ura
1014 3287 1118 3364 anguis
1128 3271 1272 3387 Dffiffi

164 3390 341 3464 enrmperet.
383 3381 599 3442 Felicisaimnm
623 3380 656 3441 id
677 3379 841 3462 prodigium
861 3401 923 3442 esse
945 3380 984 3443 0.
1004 3381 1116 3443 Postu·
1129 3417 1148 3452 1,
1159 3406 1184 3451 o.
1271 3371 1278 3388 ⁸

163 3480 241 3539 mim
259 3480 408 3559 haruspex
425 3479 645 3559 interpretatus,
665 3478 812 3539 bominem
830 3477 955 3539 fortune
967 3478 1040 3539 nihil
1057 3500 1116 3540 non

91 3627 110 3643 ,
162 3575 287 3636 credere
300 3575 419 3636 solitum
438 3573 527 3635 focile
544 3573 673 3656 impulit,
691 3575 822 3637 utnulla
838 3575 1010 3656 interposita
1022 3596 1116 3649 more,

162 3671 613 3733 exercitumadrersushostem
631 3670 779 3732 educeret.
821 3671 927 3752 Atque
944 3673 987 3732 sic
1005 3673 1117 3746 evenit,
1145 3687 1280 3754 Plutsytl.

163 3767 417 3851 quemadmodum
432 3769 463 3828 in
485 3769 701 3829 commentariis
718 3769 779 3829 suis
797 3769 854 3828 sibi
873 3787 952 3850 saepe
974 3769 1117 3830 eccidisse
1130 3769 1152 3804 ⁰·
1164 3759 1204 3804 ¹⁰·

164 3869 228 3948 ipse
255 3865 398 3947 prodidit,
421 3872 455 3925 ut
476 3873 586 3925 temere
612 3862 751 3926 festinata
774 3863 927 3948 expeditio
953 3867 1118 3947 prosperius

164 3964 299 4034 caderet,
313 3982 404 4043 quam
422 3961 448 4022 si
466 3970 583 4022 maturra
598 3961 812 4024 deliberatione
831 3969 979 4044 cautoque
994 3961 1117 4024 consilio

166 4069 304 4141 suscepta
312 4059 425 4119 luisset.

208 4164 258 4218 16.
280 4155 366 4218 Nam
378 4155 408 4215 in
421 4162 537 4216 mutam
553 4154 817 4215 consternationem
835 4155 967 4235 conjecit
982 4152 1118 4228 Italicos,
1130 4177 1239 4244 Appisn.

170 4262 202 4314 ut
220 4263 288 4335 post
306 4271 435 4333 pugnam
451 4271 557 4333 parum
577 4260 745 4313 constanter
762 4252 865 4311 initam
885 4251 1062 4329 refugientes
1078 4245 1118 4314 ed

116 4367 122 4372 ·
170 4351 269 4410 urbem
281 4351 393 4412 circum
405 4350 484 4430 ipsos
493 4367 593 4409 muros
604 4348 749 4410 caederet:
764 4348 835 4429 quin
846 4347 973 4422 Nolani,
982 4369 1018 4410 ne
1030 4347 1118 4410 simul
