3300 5225
432 549 534 628 arsur
560 579 609 626 cr.
632 573 956 632 surrnannuruu.
1160 560 1253 632 4905

174 725 225 781 2³.
247 717 310 781 Sed
326 721 479 782 emenarit
499 719 641 782 indicium
664 721 718 792 rei,
737 729 933 803 senatumque
944 719 1085 803 perpulit,
1097 732 1157 786 sut.
1167 733 1227 784 Dio.

133 825 166 878 ut
177 816 349 878 oonsulibus
360 818 563 896 magistratum
575 817 691 878 inituris
703 818 872 899 presidium
883 819 1085 880 decernerent.

133 915 260 976 Factum
278 916 368 976 etiam
388 923 494 977 contra
512 919 682 998 conjuratos
700 917 986 978 senatusconsultum
1004 926 1084 978 eret:

131 1011 184 1072 sed
197 1013 237 1084 ei,
250 1020 392 1094 tanquam
406 1033 437 1073 re
448 1012 578 1074 nondum
590 1015 663 1074 satis
674 1015 805 1093 cognita,
817 1015 953 1075 tribunus
963 1013 1090 1096 quidum·

130 1108 229 1191 plebis
247 1111 430 1172 intercessit*
460 1109 607 1172 Kalendis
623 1110 785 1184 Junueriis,
804 1131 874 1173 cnm
891 1111 928 1173 L.
942 1113 1088 1174 Aurelius

133 1205 182 1268 M.
203 1205 240 1267 F.
254 1206 357 1280 Cotta,
376 1205 411 1268 L.
426 1205 561 1269 Manlium
573 1207 609 1269 L.
626 1207 660 1269 F.
673 1207 844 1290 Torquatus
855 1211 886 1270 iu
899 1207 1194 1292 Capitolinumque

130 1301 341 1376 ascendissent,
355 1304 476 1385 quodie
496 1303 623 1385 locoque
642 1307 785 1386 patraturi
805 1307 919 1368 caedem
935 1309 1084 1388 conjurati
1096 1277 1159 1408 831?
1158 1293 1250 1398 'effi-¹

128 1400 293 1471 suerum*
313 1413 502 1484 conspectum
515 1402 683 1484 presidium
696 1401 856 1464 audaciam
874 1405 986 1466 emerit
1001 1425 1084 1466 meu·
1095 1407 1194 1458 sulm

129 1498 221 1571 tibus,
236 1498 430 1580 crassisque,
443 1499 614 1580 paenitentia
629 1519 666 1560 en
686 1508 767 1560 metu
780 1500 935 1573 incertum,
949 1499 1085 1564 destituit
1096 1471 1155 1524 ⁹³⁰·
1166 1473 1242 1528 Suu.

128 1597 242 1666 socios:
264 1617 359 1678 eoque
376 1617 413 1658 ne
432 1597 535 1658 Gaeser
547 1597 669 1678 quidem
681 1617 808 1678 sgnum,
822 1598 904 1678 quod
916 1599 956 1659 sb
968 1620 1006 1661 eo
1018 1600 1084 1662 dari

127 1702 317 1766 convenerat,
330 1693 422 1754 dedit.
465 1693 685 1755 ‘convenisse'
706 1703 805 1754 sutem
826 1692 866 1755 C.
886 1694 981 1757 Curio
1000 1707 1086 1778 pater

128 1793 159 1851 in
172 1791 508 1874 orationibus'seriptum
520 1792 651 1873 reliquit,
673 1801 682 1828 ‘
695 1801 728 1854 ut
740 1802 841 1872 tegam
850 1793 889 1854 de
901 1795 1023 1857 humero
1031 1797 1087 1858 des

121 1889 254 1968 jiesret!
637 1909 644 1922 ·
1026 1894 1029 1898 ’

168 1993 220 2050 24.
242 1986 364 2049 Idcirco
373 2005 471 2050 rursus
480 1989 510 2048 iu
520 1987 630 2048 Nonas
641 1985 816 2048 februarias
826 1990 984 2050 consilinm
992 1992 1086 2052 cedis
1095 1987 1193 2040 sulum

126 2084 349 2168 transtulerunt,
370 2086 437 2163 jam
462 2104 521 2145 nou
547 2083 717 2146 consulibus
739 2085 841 2156 modo,
861 2086 914 2147 sed
934 2086 1085 2170 plerisque
1112 2088 1165 2139 ⁰1⁰·
1177 2103 1220 2152 1³¹⁰

126 2181 313 2242 senatoribus
324 2181 418 2242 exitio
426 2180 591 2243 destinatis.
628 2179 722 2242 Erant
733 2191 832 2242 autem
842 2182 944 2244 Nonis
951 2203 992 2244 ex
1001 2205 1083 2247 more
1095 2151 1247 2268 mm

126 2286 228 2358 patres
246 2279 276 2338 in
293 2253 396 2338 seuslu
423 2277 552 2338 affuturi.
584 2277 655 2338 ‘Sed
669 2280 836 2338 tumetium
849 2289 994 2340 oematum
1007 2292 1052 2342 est
1063 2303 1084 2343 e
1094 2282 1235 2398 mmai·

124 2375 300 2454 conjuretis,
313 2375 387 2456 quia
399 2374 544 2447 Catilina,
558 2393 627 2436 euru
639 2373 769 2436 nondum
789 2373 959 2456 frequentes
977 2379 1082 2439 armati
1094 2412 1220 2461 soeonAu
1318 2458 1320 2466 Ι

124 2473 344 2545 convenissent,
357 2473 471 2551 signum
485 2479 659 2554 praemunire
672 2471 807 2534 dederet.
850 2472 961 2554 Neque
982 2483 1081 2536 tamen
1092 2476 1153 2540 Tua·
1163 2476 1244 2528 Cnd'·

125 2569 196 2631 ideo
208 2571 328 2653 spiritus
339 2569 550 2633 sceleratorum
564 2568 775 2631 conciderunt:
798 2571 947 2653 praecipua
961 2571 1082 2635 Pisonis

123 2668 248 2741 ferocia,
261 2668 406 2749 prioribus
416 2666 550 2730 consiliis
561 2686 619 2728 non
640 2668 683 2727 lte
695 2666 915 2729 dissimulanter
933 2670 1080 2744 iuuenes,

123 2774 160 2826 nt
172 2764 264 2847 paulo
276 2762 476 2845 diligentiores
487 2764 594 2825 fallere
609 2772 716 2845 posset.
759 2764 870 2843 Igitur,
881 2785 951 2827 cum
964 2766 1012 2827 M.
1026 2767 1080 2828 ci-

123 2882 195 2924 cero
204 2883 244 2923 ex
254 2871 384 2945 practura
394 2863 423 2923 in
438 2840 621 2945 provinciam
630 2862 672 2922 ire
683 2861 787 2934 nollet,
798 2862 908 2924 Orusso
919 2865 1080 2938 annitente,
1093 2834 1163 2951 31⁰ng
1170 2850 1243 2952 ᾗ..

125 2960 202 3021 Piso
214 2960 245 3020 in
259 2958 442 3041 Hispaniam
455 2968 584 3041 quaestor
602 2980 655 3040 pro
673 2968 796 3041 prrctnre
817 2961 924 3021 missus
941 2970 1004 3021 est:
1025 2982 1081 3022 nec
1109 2965 1245 3015 Suli-etibi

125 3058 221 3118 invito
240 3066 355 3128 senatu,
377 3056 430 3138 qui
450 3055 621 3137 pestiferum
643 3056 740 3117 civem
762 3054 866 3139 procul
888 3057 961 3117 urbs
980 3028 1206 3144 ussaw-12

122 3156 284 3238 cupiebat;
305 3156 419 3235 etquis
431 3154 572 3235 Pompeii
585 3154 719 3235 potentia
727 3153 834 3215 multis
844 3162 909 3215 erat
919 3154 1080 3229 formidini,
1091 3158 1152 3209 Not·
1163 3175 1205 3223 ap·

123 3243 203 3314 hunc
217 3255 282 3333 ejus
295 3252 447 3315 inimicum
458 3250 596 3332 cupidius
607 3252 762 3312 ornabant.
1086 3224 1222 3339 fflff‘

163 3354 214 3409 ῦὸ.
233 3350 311 3409 ‘lum
324 3368 442 3429 qnoque
454 3367 523 3409 cum
536 3368 573 3408 eo
584 3348 768 3429 conspirsme
781 3346 932 3409 Caeearem
945 3358 1080 3409 auctores
1099 3354 1199 3404 flueren.

121 3446 232 3517 habeo,
245 3452 279 3505 ut
292 3444 363 3506 loris
376 3444 463 3515 Piso,
478 3442 580 3504 Caesar
594 3442 703 3505 Rornae
723 3442 762 3505 ad
782 3464 829 3504 res
848 3464 941 3505 noras
959 3466 1078 3507 consur-

121 3550 234 3623 gerent.
275 3540 337 3603 Sed
350 3541 380 3602 id
395 3540 550 3603 consilium
563 3542 718 3623 inopinata
730 3561 809 3602 mors
821 3541 943 3603 Pisonis
953 3540 1078 3623 dissipe·
1091 3540 1148 3595 Dio.
1158 3542 1217 3595 8⁸¹¹·

120 3640 184 3710 vlt3
208 3658 296 3719 quem
310 3639 340 3699 in
354 3640 458 3699 itinere
473 3636 607 3720 Hispani
620 3636 743 3719 quidam
755 3638 871 3720 equites
882 3650 1078 3720 peremerunt.

123 3736 173 3797 lia
194 3736 233 3797 de
259 3756 291 3796 re
314 3735 446 3797 diversus
472 3736 502 3795 in
526 3735 651 3795 civitate
677 3753 776 3796 mmor
799 3736 922 3796 extitit:
943 3736 1078 3817 plerique

120 3842 242 3915 propter
254 3833 376 3913 injurias
388 3832 520 3913 proprias
532 3830 564 3891 id
577 3831 692 3892 lucinus
710 3852 796 3893 ausos
816 3830 972 3912 Hispanos
990 3840 1077 3915 pute·

118 3932 205 3991 bant.
247 3929 314 3991 Alii
335 3930 452 4011 equites
474 3928 541 3990 illos
562 3948 581 3988 e
600 3930 748 3990 veteribus
769 3927 897 4009 fidisque
919 3928 1078 3990 clientibus

120 4026 264 4109 Pompeii
285 4027 376 4088 fuisse
398 4026 581 4105 arguebant3
603 4046 699 4106 nerpre
725 4026 786 4087 tale
810 4026 926 4086 lacinus
946 4044 1078 4106 unquam
1090 4032 1215 4087 duceni.

119 4134 212 4187 entes
224 4134 374 4207 patratum
386 4124 467 4206 apud
480 4144 546 4186 earn
559 4133 687 4204 gentem,
697 4142 777 4185 sarva
789 4132 820 4184 et
831 4125 942 4204 injusta
955 4123 1077 4205 imperia

119 4222 217 4284 multa
230 4240 405 4305 perpessum.

420 4430 436 4461 ·
453 4432 485 4482 n
497 4430 530 4481 u.
542 4430 640 4481 cuer.
658 4428 690 4479 s.
702 4428 782 4481 css.

187 4511 459 4577 utrumne.
652 4508 746 4562 nrm.
