3300 5225
287 543 293 556 ·
370 516 1019 571 nramcxxxrv.surruauanruu.
1159 493 1245 574 ⁴661

134 658 246 720 formas
256 660 575 742 semicaprorum,·cum
589 659 706 720 lascivis
715 660 857 740 soedbque
869 661 1008 741 gestibus,
1023 680 1082 724 non

133 757 324 835 negaverim:
349 757 381 817 id
396 759 473 817 enim
491 777 510 816 a
522 755 622 816 multis
634 766 679 816 est
688 744 855 838 proditum:
872 757 1081 822 animaliumna

131 852 243 914 suerint
254 875 293 914 ea
302 873 437 936 corpora,
451 873 488 914 an
507 875 577 914 vero
593 852 758 914 daemonum
769 853 898 924 lrandes,
912 852 943 914 id
956 854 1001 914 illi
1014 856 1079 935 qui-

131 949 201 1012 dem
218 950 396 1031 distinguere
414 949 643 1030 haudquaquam
661 946 840 1031 potuerunt.'
870 950 1006 1011 Montem
1017 951 1079 1012 At·
1093 959 1159 1012 Ptin.
1170 981 1194 1015 v.
1206 969 1230 1014 1.

129 1045 254 1120 lantem,
267 1069 327 1128 qua
338 1056 451 1132 spectet
460 1046 608 1119 Africam,
627 1047 728 1108 laetum
742 1068 946 1129 amoennmque
958 1057 1078 1130 sponta-
1091 1056 1242 1112 Setiam.

128 1144 193 1204 aeis
214 1143 368 1216 fructibus,
388 1142 514 1204 interdiu
531 1163 657 1204 vacuum
674 1143 922 1213 cerniceundem
943 1146 1079 1206 noctibus
1105 1156 1184 1218 Mers,
1200 1175 1244 1210 ιιι.

129 1241 239 1302 micare
252 1241 363 1302 crebris
376 1241 502 1319 ignibus,
516 1239 704 1321 AEgypanum
717 1249 940 1322 satyrorumque
952 1240 1078 1302 lascivia
1091 1225 1131 1324 Ψ·

127 1336 256 1418 impleri,
266 1338 406 1398 tibiarum
420 1356 455 1398 ac
467 1335 574 1396 fistrrlae
583 1345 672 1398 cantu
682 1347 945 1419 tympanorumque
952 1346 984 1398 et
992 1357 1075 1418 cynr-

125 1432 261 1494 balorum
272 1435 368 1494 sonitu
382 1433 537 1514 plusquam
550 1433 678 1493 hnmano
689 1441 831 1514 strepere,
844 1433 988 1494 celebrati
1001 1452 1074 1494 auc·

126 1537 204 1590 tores
214 1529 417 1610 prodiderunt.
446 1529 568 1590 Etiam
560 1549 591 1588 ιιι
604 1526 776 1610 AEthropra
761 1538 854 1608 Juxta
862 1529 964 1610 sylvas
976 1530 1075 1602 ebeni,
1086 1531 1151 1586 Ptin.
1156 1541 1238 1591 meo.

125 1634 313 1708 montemque
337 1627 453 1686 aeternis
478 1625 596 1706 ignibus
618 1625 801 1736 flagrantem,
826 1624 960 1688 modicos
980 1625 1075 1688 colles

160 1922 213 1977 15.
236 1864 286 1977 ite
306 1916 352 1978 his
372 1917 415 1977 ita
435 1916 541 1988 sentio,
560 1935 627 1977 cum
646 1915 754 1978 Africa
771 1917 907 1977 monstris
927 1916 1070 1988 abundet,

121 2011 329 2076 solitudinibus
344 2015 473 2085 horrent,
491 2013 555 2074 fieri
573 2014 713 2095 potirime,
733 2021 766 2074 ιιι
781 2015 895 2074 eminus
911 2023 1071 2095 conspecta

103 2109 262 2170 .animalia
284 2110 375 2171 fidem
393 2111 706 2192 praeternavigantibns
721 2109 847 2171 fecerint
864 2111 1069 2190 superstitione

115 2205 179 2281 jam
192 2207 364 2289 occupatis:
385 2207 493 2268 deinde
506 2206 594 2268 solita
609 2205 704 2285 longis
721 2207 1003 2288 peregrinationibus
1014 2228 1068 2268 va·
1096 2212 1154 2265 Tsc.
1163 2213 1230 2269 Am.

120 2303 196 2362 nitas
209 2305 374 2376 acceoeerit,
387 2323 464 2364 nova
483 2312 514 2364 et
532 2303 607 2362 mire
624 2302 771 2364 narrandi.
814 2302 904 2363 Certe
918 2303 1068 2364 simiorum
1080 2293 1112 2328 ¹¹·
1123 2282 1164 2330 ²⁴·

118 2401 266 2480 gregibus,
285 2403 360 2461 mira
379 2401 521 2463 varietate
539 2415 689 2480 generum,
702 2398 841 2460 Africam
855 2399 1066 2466 refertamesse

118 2514 174 2556 non
187 2499 364 2578 ambigitur:
378 2519 395 2558 e
407 2498 515 2578 quibus
526 2498 615 2558 etiam
629 2497 756 2568 luerunt,
770 2517 846 2578 quos
857 2497 972 2578 antiqui
984 2507 1065 2580 saty-

117 2615 163 2655 ros
181 2595 378 2678 appellarent.
420 2595 463 2657 Et
480 2605 551 2656 nota
569 2603 614 2657 est
631 2595 767 2656 animalis
783 2593 917 2669 lascivia,
929 2595 1065 2658 cavenda
1091 2591 1158 2643 Pliss·
1170 2610 1231 2648 v1¹¹·

117 2693 299 2767 mulieribus,
311 2714 435 2775 quarum
454 2694 643 2757 concubitum
661 2700 814 2774 appetunt,
832 2693 946 2753 reluta
959 2702 1065 2755 natura
1075 2663 1226 2777 Ἀῶ..

115 2788 242 2873 decepti,
256 2813 325 2873 quar
336 2792 464 2853 srmrha
456 2810 583 2873 ipsorum
596 2790 719 2853 loerninis
731 2790 862 2851 membra
871 2789 966 2853 dedit.
1000 2790 1139 2853 seam
1088 2786 1139 2837 an
1131 2788 1194 2840 Μὶ

114 2885 169 2947 ista
180 2888 430 2973 quemadmodum
450 2886 559 2949 sabulis
579 2898 711 2950 veterum
728 2888 800 2949 satis
816 2888 1005 2960 conveniunt,
1018 2867 1094 2949 ita¹¹
1073 2857 1141 2906 ³¹“⁸

113 2983 193 3063 quod
210 2984 251 3045 de
267 2996 357 3047 cantu
374 2986 513 3066 tibiisque
533 2994 565 3045 et
584 2984 730 3066 cymbalis
748 2982 1062 3063 additur,longissi1ae

113 3081 260 3145 abhorret.
302 3082 431 3145 Nullum
444 3083 522 3143 enim
538 3081 661 3154 animal,
679 3090 785 3164 praeter
796 3082 956 3152 bominem,
969 3083 1060 3141 musi-

113 3194 155 3236 car
176 3199 418 3261 numerorumque
438 3181 594 3241 scientiam
612 3180 722 3240 habere
747 3186 854 3261 potest
903 3178 1011 3259 Igitur,
1033 3181 1059 3239 si
1111 3173 1114 3185 '

111 3272 181 3353 quid
200 3276 263 3336 tale
289 3297 391 3337 revera
411 3276 545 3338 auditum
562 3284 618 3347 est,
638 3276 719 3357 quod
739 3276 811 3336 mihi
830 3274 918 3335 valde
937 3275 973 3336 iit
990 3297 1057 3357 pro-

111 3368 221 3444 babsse,
235 3374 275 3433 ob
290 3392 395 3433 causas
406 3393 474 3454 quae
486 3374 708 3451 subjungentur,
723 3371 754 3432 id
767 3372 887 3433 omnino
898 3380 952 3431 ant
963 3372 1056 3432 homi-

108 3466 195 3527 nibus
207 3468 424 3542 ascribendnm,
438 3478 491 3529 aut
503 3471 597 3549 geniis
608 3477 718 3549 putem.

148 3571 198 3625 lo.
220 3566 301 3627 Sana
313 3566 504 3637 Paracelsus,
516 3577 547 3626 et
567 3566 618 3647 qui
635 3568 700 3645 ejus
718 3564 911 3627 deliramenta
928 3586 1054 3646 sequun-

109 3671 165 3733 tur,
186 3664 226 3724 de
247 3664 367 3736 Faunis,
382 3663 604 3745 Nymphisque,
616 3674 647 3723 et
661 3662 814 3745 Pygmaeis
830 3662 944 3723 nefaria
959 3663 1054 3724 multa

108 3760 309 3831 tradiderunt3
331 3759 480 3842 quomodo
491 3781 550 3820 non
563 3760 658 3821 solum
668 3760 836 3822 conversari
847 3780 915 3821 cnm
927 3759 1053 3819 homini·
1218 3840 1222 3843 ἢ

109 3856 174 3929 bus,
187 3858 239 3919 sed
253 3858 343 3919 etiam
356 3858 471 3918 misceri
484 3858 647 3928 connubiis,
661 3866 750 3939 atque
768 3858 838 3917 hinc
851 3856 976 3937 adipisci
988 3859 1052 3916 ani-
1069 3889 1073 3899 ·
1132 3874 1135 3880 ’

107 3970 186 4015 ruam
197 3954 356 4015 humanam
374 3954 485 4035 possint
496 3975 503 4011 :
522 3972 589 4034 qme
604 3974 658 4015 nec
670 3974 741 4015 vera
752 3962 821 4017 sunt
828 3974 838 4023 ι
852 3962 894 4025 et,
906 3953 932 4012 si
943 3963 1051 4025 essent,

107 4050 190 4111 nulla
221 4052 359 4131 cognosci
390 4060 443 4111 aut
471 4052 583 4112 ratione
614 4051 743 4113 humana
780 4060 833 4112 aut
865 4052 1050 4132 experientia

106 4156 226 4225 queant.
267 4146 345 4208 Sunt
361 4148 408 4207 hae
429 4148 619 4231 deceptorum
635 4148 787 4229 spirituum
803 4147 942 4229 strophae,
955 4148 1051 4213 modis

105 4244 240 4304 umnibns
251 4246 395 4305 curiosam
407 4253 439 4305 et
451 4246 600 4305 incautam
619 4240 770 4306 hominurn
782 4253 917 4305 naturam
929 4245 959 4305 in
974 4265 1050 4326 prse-

106 4339 240 4421 eipitium
259 4340 370 4403 illicere
389 4342 603 4422 satagentium:
624 4344 711 4425 cujus
728 4342 817 4425 etiam
839 4341 942 4423 larium
960 4341 1049 4406 ruisse
