3300 5225
378 579 483 632 eruar
508 579 686 658 nxxxru.
708 579 1037 634 surrnnunuruu.
1173 562 1263 634 tm

149 745 210 788 aon
219 723 404 808 stipendiarii
410 724 517 798 solum,
528 725 581 787 sed
588 735 621 788 et
630 744 717 808 aquo
726 724 837 789 ludere
841 725 953 807 juncti,
962 723 1099 789 nonnulli

148 826 240 886 etiam
252 825 292 884 ob
303 824 444 886 virtutem
456 833 488 884 et
499 825 605 885 merita
616 825 835 887 immunitatem
854 824 969 908 adepti,
982 824 1098 885 exacti·
1109 833 1238 886 Mamaea.

147 925 253 985 onibus
264 931 296 983 et
308 922 427 982 tributis
439 923 657 983 atterebantur:
678 933 714 983 ut
732 923 822 984 etiam
844 921 1099 1002 agriquibusdanr
1125 899 1234 968 ΛΡΜ
1324 1001 1327 1010 Ι
1379 940 1383 950 ·

146 1031 179 1082 et
191 1029 303 1102 porus,
321 1021 428 1100 quiex
448 1020 578 1081 formula
596 1021 713 1082 luderis
723 1021 922 1092 debebantur,
934 1019 1099 1081 adimeren-

146 1127 204 1178 tur.
247 1116 310 1177 His
322 1118 451 1178 maxime
463 1119 552 1178 rebus
564 1127 596 1179 et
608 1117 660 1178 ille
674 1137 769 1179 annus
781 1119 935 1199 preteriit,
953 1127 986 1178 et
996 1119 1099 1199 proxi·

147 1235 224 1288 snus,
242 1235 302 1294 quo
323 1214 364 1274 P.
379 1213 523 1276 Servilius
542 1215 580 1276 C.
596 1215 632 1276 F.
647 1215 693 1278 M.
709 1215 756 1276 N.
767 1215 875 1288 Vatia,
894 1216 948 1296 qui
967 1225 1099 1297 postmo·

145 1311 218 1372 dum
236 1311 388 1373 Isauricus
410 1313 580 1394 appellatus
595 1322 651 1384 est,
674 1320 706 1373 et
718 1312 784 1394 Ap.
799 1312 947 1374 Claudius
963 1311 1099 1382 conules

144 1407 292 1470 luerunt*
333 1409 418 1470 Nam
431 1409 565 1470 oblatum
584 1411 640 1471 sibi
658 1408 827 1471 adulatione
840 1409 945 1492 populi
959 1408 1098 1471 consula-

143 1513 210 1567 tum
224 1506 312 1588 Sylla
325 1517 521 1569 recusaverat.

183 1609 238 1664 86.
265 1603 349 1664 Inter
371 1604 436 1665 herc
459 1603 640 1677 Volaterree,
666 1602 747 1685 quod
772 1602 916 1686 oppidum
942 1602 1041 1664 adbuc
1064 1602 1097 1662 in
1107 1612 1161 1664 nv.
1170 1612 1237 1680 Epir.

144 1702 235 1760 ermis
261 1708 336 1771 erat,
364 1700 486 1782 publica
507 1701 680 1782 interposita
703 1700 775 1773 fide,
796 1709 866 1762 sunt
886 1699 1005 1760 dedita.
1057 1697 1096 1759 In
1108 1679 1233 1795 „fliam

145 1797 268 1858 Eturria
279 1798 450 1860 Volaterras
470 1808 539 1860 sunt
554 1802 646 1880 juxta
660 1799 742 1860 littus
754 1800 853 1871 maris,
867 1799 978 1859 eximio
996 1796 1037 1858 ad
1048 1805 1097 1857 tu·
1108 1807 1194 1858 scano
1204 1823 1230 1858 v.

142 1895 237 1956 telam
250 1896 308 1956 loci
321 1895 389 1956 situ.
431 1894 516 1957 Nam
529 1917 546 1958 e
559 1895 709 1978 profunda
720 1895 802 1958 valle
821 1895 953 1957 tumulus
965 1895 1096 1977 undique
1106 1887 1133 1942 Ρ·
1141 1877 1201 1926 ¹²⁸·

143 2011 277 2074 praeceps
299 1993 328 2052 in
352 1992 540 2054 altitudinem
563 2014 654 2076 prope
666 1993 790 2055 duorum
809 1983 939 2056 millium
956 2012 1097 2074 passuum

142 2097 260 2150 erectus
280 2091 382 2150 urbem
403 2091 578 2162 sustinebat,
592 2092 636 2152 uti
651 2111 773 2152 escensu
789 2109 894 2171 sspero
915 2098 948 2150 et
968 2088 1096 2160 difficili,

141 2185 186 2246 ita
207 2186 299 2268 plano
318 2186 532 2268 commodoque
553 2189 674 2252 vertice.
717 2187 793 2250 Huc
812 2207 845 2248 se
866 2185 1097 2270 proscriptorum

141 2283 267 2366 quidam
286 2284 484 2359 contulerant,
507 2295 670 2367 conumque
690 2286 885 2348 Etruscorum
904 2305 1007 2356 manu,
1026 2302 1096 2345 curn

141 2379 275 2460 legiones
298 2392 425 2463 quatuor
449 2383 626 2456 edeciment,
653 2405 705 2465 per
733 2384 887 2444 biennium
909 2382 1095 2443 restiterunt:

141 2495 315 2559 quanquam
327 2499 539 2562 nonnunquam
559 2482 621 2563 ipse
634 2481 761 2542 dicutur
782 2483 812 2543 iu
833 2481 937 2544 castris
955 2478 1095 2540 obsiden-

141 2574 220 2635 tium
232 2573 344 2639 iuisset.
367 2575 420 2638 Sic
433 2579 574 2640 extinctis
587 2599 639 2661 per
653 2577 777 2641 ltaliam
789 2579 937 2641 bellorum
949 2575 1094 2658 reliquiis,
1122 2587 1241 2707 cuppa

140 2674 235 2735 euram
248 2676 278 2734 u
291 2676 381 2747 nere,
395 2696 464 2757 que
476 2677 542 2737 sora
554 2678 623 2738 ures
636 2687 704 2759 poe
715 2678 829 2739 vetum
844 2674 1095 2738 niteremur..
1106 2654 1182 2771 {te
1241 2690 1250 2709 ·

140 2770 304 2833 rebellione
317 2774 497 2855 perstiterat,
512 2774 672 2855 Mitylenae
684 2796 704 2836 a
716 2776 763 2836 Μ.
777 2774 907 2837 Thermo
915 2780 1094 2854 expugnatur
1106 2784 1160 2835 nv.
1168 2782 1236 2848 Epir.
1248 2835 1251 2841 ,

139 2864 307 2949 dirutusque
330 2880 409 2931 sunt.
452 2870 500 2933 Eo
523 2872 605 2933 bello
628 2872 666 2933 0.
690 2870 790 2933 Julius
810 2872 914 2935 Cesar
934 2868 1095 2932 admodum
1107 2850 1240 2966 &¹2¹3-

140 2964 317 3027 adolescens
333 2968 364 3027 iu
382 2970 575 3029 contubernio
596 2970 728 3051 praetoris
739 2970 811 3051 egit,
832 2978 865 3030 et
876 2971 916 3031 ab
928 2988 976 3041 eo,
998 2966 1095 3048 ceptis

141 3060 314 3143 Mitylenis,
327 3084 437 3127 corona
449 3066 547 3128 civica
559 3065 687 3129 donatus
697 3076 752 3128 est.

181 3166 233 3224 37.
257 3159 344 3221 Idem
358 3163 500 3235 annual..
521 3162 640 3244 Syllam
660 3184 699 3225 ex
718 3171 863 3246 perpetuo
874 3160 1021 3223 diotatme
1032 3161 1093 3243 pri·
1106 3178 1253 3231 omen

139 3264 245 3317 murm
257 3256 349 3319 vidit:
370 3280 433 3321 rem
447 3260 640 3341 inopinatam,
661 3270 693 3321 et
710 3280 769 3322 non
782 3280 844 3321 una
855 3257 894 3319 de
906 3278 998 3320 causa
1010 3278 1092 3339 pror·
1104 3276 1171 3326 pree.
1181 3272 1245 3341 syn.

138 3367 188 3415 rus
212 3353 429 3417 admirabilem.
483 3356 547 3424 Qui
574 3358 664 3431 enim,
691 3366 834 3437 tanquam
854 3356 936 3416 rabie
959 3354 1090 3435 quadum
1104 3342 1213 3409 ᾹΡΡΜ·

139 3458 236 3523 actus,
250 3452 322 3512 nibil
336 3472 460 3533 usquam
472 3454 588 3535 sibique
609 3461 641 3514 et
663 3454 731 3515 eliis
751 3452 896 3534 quietum,
919 3451 1003 3512 nulla
1020 3453 1093 3531 jura

137 3546 294 3621 inviolata,
309 3548 382 3609 nihil
396 3550 435 3610 ed
453 3570 596 3614 summam
613 3550 832 3611 contentionem
850 3549 997 3619 labonrm,
1015 3546 1092 3629 peri·

138 3642 284 3714 culorum,
298 3642 425 3726 denique
438 3646 580 3707 scelerum
593 3656 625 3707 et
638 3647 830 3707 immanitatis
846 3645 993 3725 reliquum
1011 3642 1093 3704 rece·

138 3750 198 3811 rat,
219 3748 255 3801 ut
276 3762 351 3802 unus
368 3746 468 3805 omnia
484 3752 601 3825 posset;
623 3745 649 3805 is
668 3754 711 3817 ut,
735 3742 942 3825 interpellente
962 3743 1092 3811 nemine,

138 3838 245 3898 summi
259 3840 376 3922 imperii
389 3849 527 3923 pacatam
539 3850 572 3902 et
583 3840 729 3923 patientia
749 3842 860 3903 civium
879 3837 1093 3921 propemodum

134 3935 251 4013 justam
265 3938 475 4017 possesionem
488 3948 593 4020 sponte
606 3938 779 4021 deponeret,
792 3936 945 4019 expectari
957 3933 1093 4017 profecto

139 4049 198 4091 non
210 4031 333 4094 debuit:
355 4038 516 4115 prasertim
533 4057 602 4097 cum
621 4056 716 4118 neque
737 4044 826 4097 etate
844 4034 1018 4103 etiamnum,
1039 4050 1091 4091 ue·

139 4147 198 4207 que
217 4132 349 4211 corporis
361 4132 473 4193 viribus
485 4132 702 4194 destitueretur.
742 4132 796 4193 An
819 4131 914 4213 ipsum
927 4130 994 4209 jum
1008 4120 1090 4208 pige·
1221 4152 1228 4169 ·

138 4224 194 4285 bat
216 4236 309 4309 raptae
335 4230 511 4310 potestatis?
565 4230 607 4290 Et
632 4249 701 4291 oum
724 4228 890 4291 recordatio
913 4225 1090 4323 delictorum
1185 4234 1191 4243 ·

429 4445 444 4475 '
461 4446 493 4497 Α.
506 4448 539 4497 U.
551 4448 581 4499 C.
593 4450 651 4499 utu.
686 4446 719 4498 Α.
729 4448 811 4499 00⁷9.
