3300 5225
341 580 446 632 nrnrr
473 577 647 630 cxxxix.
672 537 997 632 surenassrrrurr.
1137 562 1225 629 4721

126 723 298 786 recedentem
320 744 413 806 nsque
435 723 474 785 ud
496 724 573 787 lores
598 724 704 788 domus
729 725 872 787 conviciis
896 725 1062 786 iuoesseret.

126 823 221 902 Atque
239 821 292 880 ille
309 823 397 900 eujus
410 821 483 882 iram
502 823 695 903 potentissimi
709 823 765 883 riri
778 823 978 902 muimaeque
987 818 1063 881 civi-

126 929 203 990 tates,
228 939 284 978 uec
298 918 439 998 effingere,
454 939 509 978 uec
523 918 643 1000 placare
656 929 825 1001 potuerant,
846 920 934 979 unius
948 917 1065 978 adoles·

124 1015 225 1076 centuli
242 1015 437 1076 contumelias
456 1017 581 1097 patienti
602 1018 700 1076 auimo
722 1017 809 1086 tulit;
841 1013 873 1075 id
895 1022 1010 1075 tautum
1033 1014 1063 1073 in
1125 1035 1130 1046 ·

124 1112 215 1172 limine
229 1113 296 1190 jam
317 1111 423 1172 domus
442 1113 559 1184 effatus,
581 1111 669 1173 ‘Hic
690 1111 864 1174 adolescens
886 1111 1006 1184 efficiet,
1025 1130 1065 1172 ne

126 1209 186 1288 quis
206 1209 331 1288 posthac
355 1209 417 1271 tale
441 1209 594 1290 imperium
620 1207 771 1290 deponat?
813 1208 917 1276 Quam
941 1209 1065 1289 praesagi

125 1304 209 1364 animi
220 1325 326 1366 rocem
339 1325 397 1366 nou
416 1305 505 1386 longo
523 1313 590 1387 post
608 1313 739 1387 tempore
753 1304 883 1366 dictator
896 1303 998 1366 Caesar
1010 1323 1065 1364 ex·

123 1399 217 1480 plevit.

157 1503 205 1556 41.
226 1494 327 1576 Sylla,
341 1495 489 1578 profectus
502 1496 532 1557 in
546 1496 726 1568 Cumanum,
741 1497 889 1568 rusticari,
908 1494 1066 1578 piscando-

122 1613 174 1673 que
185 1600 216 1652 et
228 1591 366 1653 venando
380 1601 495 1674 tempus
507 1591 614 1654 ducere
628 1593 734 1674 coepit:
749 1612 815 1653 cum
830 1595 921 1674 prius,
936 1592 1067 1653 Herculi
1078 1607 1145 1658 Plan.

121 1689 292 1750 consecratis
305 1688 438 1760 decimis,
452 1689 572 1771 epulum
586 1689 697 1770 populo
716 1691 978 1750 sumtuosissimum
991 1707 1067 1769 prse-

121 1785 234 1857 buisset,
257 1806 295 1847 ea
309 1784 472 1858 affluentis,
490 1793 524 1846 ut
537 1786 669 1866 quotidie
688 1789 754 1868 (per
775 1786 886 1846 multos
902 1784 983 1845 euim
1003 1783 1069 1845 dies

122 1881 294 1962 ducebatur)
322 1883 424 1961 iugens
447 1883 492 1943 vis
514 1883 647 1942 ciborum
674 1883 702 1943 in
728 1903 844 1943 amnem
867 1882 1067 1964 projiceretur.

121 1966 229 2038 Vinum
243 1999 364 2061 quoque
379 1977 463 2040 dedit
474 1981 560 2041 aunis
573 1978 770 2061 quadraginta
782 1979 936 2050 vetustius,
949 1977 1029 2058 quod
1049 1996 1068 2038 a
1189 2032 1193 2040 .

122 2076 231 2134 romine
246 2075 375 2136 consulis
387 2077 442 2135 sub
455 2097 515 2157 quo
528 2085 630 2136 natum
645 2075 714 2147 luit,
730 2076 925 2157 Opimianum
937 2075 1066 2135 vocaba-
1094 2087 1160 2137 Ptin.
1170 2101 1229 2136 arv.

121 2181 173 2234 tur.
213 2171 301 2234 Nam
322 2181 426 2234 contra
446 2193 513 2233 suas
531 2175 593 2255 ipse
612 2173 702 2253 leges,
724 2172 870 2234 leniendae
887 2170 1069 2252 aegritudiuis
1078 2159 1146 2268 ab·

121 2287 216 2340 causa,
243 2269 348 2330 luxum
375 2270 553 2342 intenderat,
581 2271 685 2332 iisdem
708 2271 814 2332 diebus
836 2290 929 2331 uxore
961 2271 1069 2330 amissa

122 2363 255 2427 Metella.
299 2366 350 2440 Ei,
370 2387 439 2428 curn
454 2369 521 2447 jam
541 2367 704 2449 desperata
722 2367 828 2427 salutis
844 2375 931 2438 essct,
944 2365 983 2426 de
999 2386 1067 2426 seu-

119 2463 208 2523 teutia
217 2461 408 2524 sacerdotum
421 2463 555 2524 libellum
568 2463 682 2546 repudii
693 2463 781 2546 Sylla
791 2465 881 2535 misit,
891 2464 1067 2545 spirantem·

120 2577 173 2637 quc
186 2558 288 2621 adbuc
299 2557 452 2621 transferri
467 2559 496 2621 in
511 2559 585 2621 alias
598 2561 676 2621 sedes
683 2562 787 2643 Jussit,
801 2561 883 2643 quod
896 2560 1010 2621 scilicet
1022 2579 1067 2621 re-

120 2653 317 2735 ligiosissimus
330 2655 476 2737 pontifex,
490 2658 541 2737 qui
555 2666 601 2718 tot
612 2659 763 2719 bominum
783 2660 904 2739 agmina
921 2657 1068 2718 contruci-
1096 2680 1232 2732 gemm,

118 2752 250 2825 daverat,
282 2752 375 2813 salvis
409 2752 600 2833 religionibus
633 2754 763 2837 aspicere
797 2756 983 2827 morientem,
1017 2746 1169 2813 cutm-¹¹¹

119 2846 216 2909 iuuere
229 2848 327 2931 pollui
340 2847 461 2910 domurn
473 2870 557 2909 susm
568 2850 645 2911 ferre
659 2871 718 2912 non
731 2860 840 2932 posset.
1080 2813 1223 2927 {iffi-“¹⁶

155 2952 205 3006 42.
228 2944 306 3006 Non
324 2954 423 3006 tamen
434 2946 478 3009 sic
491 2946 635 3007 abstinuit
651 2967 671 3007 a
683 2947 848 3029 republica,
862 2954 897 3007 ut
917 2945 1001 3007 nullo
1018 2965 1069 3006 eo·
1081 2958 1166 3009 Ζοιιιι.

118 3060 189 3113 rum,
203 3062 274 3123 quae
295 3041 409 3115 fierent,
427 3064 511 3103 seusu
530 3042 704 3105 afficeretur.
747 3043 846 3122 Igitur
860 3042 986 3103 comitiis
998 3062 1069 3103 cou—
1080 3023 1229 3149 All'fflffl

117 3140 275 3210 sularibus,
301 3158 381 3211 cum,
405 3148 512 3220 prater
537 3160 621 3200 snam
641 3141 828 3211 seutentiam,
845 3139 999 3219 designato
1020 3136 1069 3199 Μ.
1081 3162 1107 3201 et
1114 3152 1201 3217 Pomp.

119 3234 240 3296 AEmilic
255 3235 382 3317 Lepido,
396 3236 571 3317 Pompeius,
591 3240 677 3318 cujus
693 3238 801 3299 studiis
818 3236 953 3319 perfecta
964 3256 1011 3297 res
1023 3236 1071 3296 t'u-

118 3340 188 3403 erat,
200 3332 292 3393 laetus
303 3334 409 3406 abiret,
423 3333 542 3394 vocarit
553 3354 621 3395 cum
632 3334 671 3395 ad
685 3356 716 3395 se
731 3333 829 3416 Sylla,
841 3334 990 3415 dixitque,
1005 3343 1014 3370 ‘
1026 3332 1072 3393 Te

118 3448 185 3488 vero
207 3428 369 3510 providum
391 3428 518 3501 consilii,
546 3430 729 3505 adolescens,
756 3439 787 3492 et
809 3430 997 3512 sapientem!
1020 3429 1074 3510 qui

117 3526 275 3604 pessimum
293 3526 422 3587 omnium
436 3525 581 3607 Lepidum
594 3529 706 3609 optimo
724 3529 855 3588 omnium
867 3526 980 3588 Catulo
992 3528 1072 3608 prio-

117 3642 175 3681 rem
193 3622 427 3683 renuntiandum
438 3626 597 3687 curaveris.
640 3624 687 3685 At
701 3634 732 3685 tu
746 3625 806 3697 lac,
819 3625 936 3704 vigiles,
953 3624 1005 3704 qui
1017 3622 1071 3683 ad-

117 3722 280 3779 versarium
293 3720 416 3781 effecisti
430 3719 644 3783 valentiorem.'
674 3723 785 3805 Neque
798 3721 907 3783 lelellit
918 3741 985 3782 euru
996 3740 1072 3801 prae-

116 3834 202 3894 sagus
222 3816 318 3878 futuri
332 3819 456 3890 animus,
469 3827 512 3888 et,
526 3818 656 3899 spirante
676 3820 774 3881 adhuc
793 3819 892 3901 Sylla,
905 3818 1074 3879 seditiosam

117 3913 154 3971 ud
169 3914 313 3981 Quirites
324 3914 485 3975 orationem
500 3912 631 3996 Lepidus
648 3916 750 3977 consul
767 3917 882 3987 babuit,
896 3934 963 3995 qnae
975 3912 1072 3974 adbuc
1084 3926 1233 3979 srlfflirts.

117 4010 192 4070 iuter
203 4010 352 4089 reliquias
365 4008 511 4069 Historisr
524 4010 715 4073 Sallustiana
727 4022 870 4075 servatur.

154 4115 207 4169 4³.
230 4106 337 4167 Paulo
348 4116 416 4167 cute
429 4108 485 4167 hoc
494 4116 621 4189 tempus,
631 4114 718 4169 cum⁵
733 4130 751 4170 a
763 4108 939 4170 Mithridate
952 4108 991 4167 ad
1001 4106 1073 4167 scri-
1085 4114 1192 4230 uppim.

118 4206 249 4267 bendum
271 4202 367 4265 loedns
389 4203 478 4283 legati
497 4206 657 4281 venissent,
677 4206 786 4269 inlecta
806 4228 837 4267 re
854 4204 967 4266 dimissi
985 4213 1072 4264 snut:
1116 4180 1197 4232 M·

424 4434 439 4479 b
457 4430 536 4488 anrr
546 4430 610 4483 cdd.
622 4438 682 4483 rute
694 4432 773 4484 Crcr.
