3300 5225
920 587 954 634 Τ.
965 587 1069 638 -Lrvtl

550 730 625 792 liare
645 731 801 814 cupiverat
822 731 986 804 mulierem,
1011 731 1205 814 impudicitia
1225 731 1350 793 crimine
1371 733 1502 811 objecto.

551 827 613 890 Sed
627 829 745 889 Marias
764 849 857 891 eausa
878 831 1021 908 cognita‘
1040 829 1183 889 Fanniam
1197 828 1380 910 impudicam
1390 830 1506 892 videri’

550 915 763 1007 pronuntiarit,
783 927 986 1008 muletamque
1006 927 1036 988 ei
1056 926 1138 987 dixit
1154 929 1319 988 sestertium
1333 946 1506 988 nummum:

549 1022 684 1084 Titinnio
704 1027 855 1107 praecepit,
880 1034 939 1085 ‘ut
959 1024 1060 1086 dotem
1083 1025 1200 1086 mulieri
1222 1026 1401 1098 restitrrsret,
1423 1025 1506 1107 quod

549 1141 641 1200 quam
665 1122 846 1203 impudicam
868 1143 932 1184 esse
957 1125 1070 1196 scisset,
1097 1143 1165 1183 eam
1191 1123 1324 1204 pecuniae
1351 1121 1506 1183 insidiatus
1572 1109 1574 1112 ⁵

549 1214 688 1290 duxerat,
708 1220 821 1301 diuque
842 1221 1030 1282 matrimonio
1049 1223 1115 1300 ejus
1137 1241 1207 1280 naus
1229 1221 1348 1282 luerat!
1389 1219 1506 1280 Faunis

550 1326 650 1376 tamen
663 1317 802 1378 beneficii
821 1321 916 1398 magis
937 1339 1027 1399 quam
1050 1319 1165 1399 injuriae
1177 1338 1299 1390 memor,
1314 1315 1523 1398 quibuscum·-

551 1433 610 1492 que
623 1398 721 1494 potuit
738 1414 845 1476 officiis
866 1415 993 1496 adjuvit.
1036 1416 1128 1477 Unde
1153 1417 1270 1478 Marius
1289 1415 1421 1487 hilarior,
1441 1414 1505 1475 ool·

551 1509 675 1572 landate
688 1513 819 1574 mulieris
831 1514 997 1585 voluntate,
1011 1513 1073 1574 lore
1090 1515 1146 1574 sibi
1165 1513 1324 1576 reddenda·
1337 1514 1438 1592 gratie
1451 1531 1506 1593 po-

550 1618 688 1670 testatem
702 1611 788 1672 latus
800 1614 985 1694 gestiensque
1005 1611 1168 1694 predicat:
1190 1614 1275 1692 ‘ejus
1294 1613 1372 1671 enim
1385 1613 1427 1671 rei
1441 1631 1506 1671 cer·

551 1716 613 1768 tum
626 1729 658 1767 se
671 1709 760 1769 rnodo
772 1729 858 1769 omen
872 1711 1041 1792 accepisse!

477 1818 481 1826 ’
591 1810 642 1864 38.
664 1805 769 1866 Pudet
778 1805 886 1867 referre
900 1807 1064 1868 vanissimae
1079 1805 1292 1886 superstitionis
1304 1805 1425 1866 sordes:
1447 1805 1506 1864 nisi

549 1901 599 1961 vel
613 1902 683 1962 ideo
695 1904 788 1981 magis
798 1913 869 1964 sunt
882 1902 1054 1974 relereudae,
1066 1914 1100 1964 ut
1114 1902 1313 1982 intelligamus
1322 1923 1413 1982 quam
1427 1905 1507 1984 turpi

492 1992 496 2007 '
550 1997 699 2059 dementia
710 2000 813 2061 orbem
826 2009 968 2061 terrarum
989 2000 1162 2062 Christiane
1182 2001 1339 2082 disciplina
1359 2000 1507 2060 liberave-

550 2097 598 2156 rit.
637 2097 718 2158 Post
733 2108 847 2158 tantam
869 2119 964 2159 rerum
984 2100 1211 2180 experientiam,
1231 2100 1276 2159 vir
1290 2099 1389 2158 animo
1402 2099 1508 2177 gestis-

550 2213 609 2272 que
620 2195 710 2255 rebua
722 2198 881 2269 maximus,
894 2219 984 2278 quam
1005 2216 1024 2257 a
1043 2199 1156 2259 ratione
1179 2197 1336 2278 impetrare
1350 2214 1408 2256 non
1422 2203 1508 2276 pote-

550 2300 599 2351 rat
610 2292 868 2372 tranquillitatem,
882 2296 922 2356 ab
935 2298 1011 2356 asini
1024 2297 1130 2358 obtutu
1145 2317 1181 2356 ac
1193 2315 1266 2356 voce
1278 2294 1391 2354 sumsit.
1422 2292 1455 2353 N
1457 2313 1508 2353 arn

403 2408 460 2463 vu,
471 2411 539 2460 Mu.
550 2409 619 2449 cum
631 2390 671 2452 ud
687 2391 809 2451 Fannia
822 2391 942 2454 domum
955 2393 1102 2455 adductus
1116 2402 1181 2455 erat
1194 2392 1321 2464 illarius,
1336 2389 1440 2452 relicto
1452 2410 1509 2472 pa·

386 2481 447 2588 3¹23
551 2487 624 2547 bulo
635 2507 828 2570 prorumpens
840 2511 857 2550 e
870 2491 983 2552 foribus
996 2493 1118 2563 animal,
1132 2511 1171 2552 ex
1190 2491 1315 2552 adverso
1329 2489 1421 2550 Marii
1434 2507 1508 2549 con-

448 2575 455 2591 '
551 2587 646 2657 stitit;
667 2597 699 2647 et
711 2585 820 2649 biunde
833 2589 981 2651 bominem
989 2591 1123 2663 intuitus,
1137 2587 1378 2668 insolentemque
1387 2585 1509 2657 rudens,

551 2683 591 2745 ad
611 2686 742 2746 ricinum
764 2685 877 2748 iontem
903 2688 1094 2770 procucurrit.
1138 2686 1258 2747 Idcirco
1284 2686 1358 2746 mari
1381 2684 1508 2745 salutem

551 2785 688 2862 portendi
711 2783 800 2856 satus,
822 2787 953 2846 obserari
982 2790 1109 2867 januam
1132 2783 1279 2855 cubiculi,
1301 2792 1336 2843 nt
1357 2803 1388 2843 se
1413 2782 1509 2862 quieti

550 2877 646 2951 daret,
654 2884 754 2959 jussit.

404 2991 540 3042 vstitu.
592 2984 642 3038 89.
665 2979 785 3040 Interea
806 2980 1004 3059 magistratus,
1027 2984 1035 3012 ‘
1051 2980 1113 3038 sine
1127 2998 1209 3039 mora
1228 2976 1377 3041 demedio
1397 2973 1505 3035 tollen·

392 3071 422 3131 ¹¹:
432 3059 503 3169 ¹⁹32
551 3073 623 3134 dnm
643 3078 728 3147 esse,'
751 3076 881 3147 decreto,
904 3078 1059 3136 Cimbrum
1083 3076 1231 3157 quendam
1254 3075 1375 3136 mittunt
1386 3073 1425 3133 de
1438 3072 1508 3153 reli·

387 3121 524 3249 Ldppidd'
552 3174 631 3251 qniis
646 3171 793 3233 Mariana
805 3176 949 3246 victoria,
964 3176 1015 3254 qui
1029 3194 1096 3234 eum
1110 3173 1289 3234 conticeret:
1312 3170 1393 3252 quod
1407 3188 1511 3231 omnes
1540 3190 1541 3195 ¹

388 3250 460 3364 ssffi·
474 3248 539 3300 vell.
551 3268 693 3349 oppidani
704 3268 905 3330 misericordia
916 3271 1071 3331 clarissimi
1085 3271 1140 3330 viri
1153 3269 1262 3330 foedum
1275 3266 1429 3329 occidendi
1442 3268 1511 3346 ejus

552 3366 744 3426 ministerium
769 3367 952 3427 abnuebant.
995 3365 1056 3427 Sed
1079 3366 1131 3426 ille
1154 3364 1323 3427 cubiculum
1352 3360 1509 3443 ingressus,

553 3462 604 3521 nbi
618 3462 752 3522 Marium
765 3484 829 3523 esse
842 3464 993 3543 cognovit,
1008 3464 1128 3544 abjecto
1142 3462 1243 3542 gladio
1256 3460 1396 3543 profugit,
1411 3468 1420 3495 ‘
1436 3457 1510 3518 Ms-

469 3600 479 3613 .
553 3560 628 3618 rium
651 3581 682 3619 se
705 3579 762 3620 non
783 3580 868 3641 posse
890 3558 1044 3621 occidere’
1064 3560 1229 3620 clamitans.
1272 3556 1407 3624 Quidam
1425 3555 1511 3615 aiunt

553 3655 664 3734 ingenti
678 3656 798 3717 damma
809 3676 848 3716 ex
858 3656 954 3717 oculis
967 3658 1058 3717 Marii
1072 3658 1257 3739 promicante
1266 3656 1400 3719 territum
1413 3653 1509 3712 bomi-

553 3742 639 3814 nem:
660 3765 779 3816 auctum
792 3753 901 3815 deinde
909 3764 1062 3826 terrorem,
1073 3762 1231 3835 postquam
1239 3770 1391 3830 assurgens
1401 3770 1418 3810 e
1428 3749 1510 3809 lecto

552 3871 656 3923 senex,
670 3850 792 3911 terribili
804 3872 890 3923 voce,
905 3860 914 3887 ‘
928 3850 1013 3911 Tune
1026 3852 1115 3911 bomo
1129 3848 1167 3911 C.
1178 3848 1310 3909 Marium
1324 3845 1416 3908 audes
1428 3846 1510 3907 occi-

552 3947 658 4008 derel'
676 3949 874 4008 inclamasset.
917 3946 1136 4008 Minturnenses
1157 3945 1291 4028 prolecto
1305 3944 1417 4005 homini
1430 3942 1509 4003 divi-

553 4047 631 4106 nitus
643 4047 784 4127 injectum
798 4048 945 4117 timorem,
959 4046 1143 4124 salutemque
1163 4043 1255 4103 Marii
1268 4040 1350 4104 cordi
1363 4060 1425 4101 esse
1439 4039 1512 4102 Diis

553 4146 747 4226 interpretati,
772 4152 888 4204 mutata
914 4144 1070 4213 sententia,
1093 4162 1180 4221 quem
1204 4139 1295 4221 paulo
1318 4146 1387 4200 ante
1408 4140 1511 4198 necari

548 4244 712 4322 jusserant,
723 4252 843 4323 repente
858 4241 1035 4301 incolumem
1047 4239 1160 4299 voltrnt.
1186 4238 1256 4299 Nec
1270 4240 1331 4319 ipse
1344 4237 1401 4297 sibi
1413 4234 1509 4325 deest,

391 4370 532 4488 §323²
554 4340 594 4401 ad
606 4342 735 4421 quosvis,
756 4342 845 4400 etiam
863 4339 1000 4495 iulirufnrtp¹
1010 4331 1511 4512 etfvgliqsimuqrmqlqutqqqhthndlret

464 4454 490 4485 ··
533 4457 675 4507 ·manus;
698 4458 810 4519 preces,
823 4458 918 4518 spem,
951 4456 969 4495 a
1004 4480 1012 4507 ‚
1047 4455 1201 4494 auarus
1444 4475 1454 4503 ,
