3300 5225
914 600 952 650 Τ.
976 600 1075 650 mu

595 749 628 801 te
657 740 696 801 C.
718 738 1013 803 Mutinensis-²
1034 746 1065 805 in
1089 744 1281 824 Carminis
1309 742 1432 824 Megaae
1460 746 1544 805 ruinis

596 836 786 897 sedentem'
814 838 934 899 duob·
952 839 1125 901 derisni-is
1142 842 1290 923 exe-piis
1320 842 1544 903 inconstantiam

598 936 1543 1019 mnmhnnannrnnpnaetorisanimotigmranoninepte

598 1042 732 1093 mm.

639 1136 690 1190 48.
713 1128 781 1192 Hic
808 1131 850 1192 sd
871 1152 941 1192 enm
959 1152 1028 1193 curs
1051 1132 1188 1211 Cedrego
1207 1132 1289 1194 filins
1307 1135 1401 1206 venit,
1419 1133 1545 1194 Albino·

598 1246 761 1308 renesque,
782 1240 814 1289 et
833 1231 925 1291 ceteri
945 1231 1059 1291 exnies.
1101 1230 1131 1290 Ii
1152 1229 1355 1291 Numidarum
1374 1230 1473 1303 dolos,
1493 1252 1544 1291 non

596 1325 661 1385 sine
673 1324 764 1404 digno
776 1328 828 1407 qni
845 1338 964 1387 notetur
981 1348 1065 1397 usur,
1084 1336 1252 1387 crescunt.
1293 1327 1424 1388 Marium
1437 1326 1546 1389 adoles

597 1430 712 1481 centem
726 1424 806 1481 miris
819 1425 848 1482 in
859 1425 986 1503 speciem
999 1422 1105 1483 officiis
1112 1424 1233 1483 colebat
1244 1424 1372 1503 regnius.
1406 1421 1471 1484 Sed
1481 1426 1546 1504 quia

597 1514 748 1578 discedere
758 1520 926 1599 cupientem
937 1521 1107 1580 morabatur
1117 1520 1249 1581 crebrius
1258 1530 1291 1580 ct
1306 1523 1448 1601 apertius,
1462 1540 1545 1600 quarn

599 1624 634 1674 nt
647 1636 700 1695 per
711 1615 947 1676 benevolentiam
960 1616 1059 1676 iacere
1070 1617 1153 1677 credi
1165 1628 1277 1698 posset,
1287 1618 1487 1699 mpiciooem
1497 1617 1546 1687 iiii,

598 1720 689 1772 etex
703 1712 760 1771 hac
777 1712 929 1773 “dendus
947 1714 1077 1774 theudi
1098 1714 1277 1775 desideriam
1297 1716 1413 1795 injecit.
1455 1715 1547 1793 Igitur

598 1808 639 1869 ob
661 1808 787 1871 sormam
810 1830 831 1870 e
851 1810 960 1891 pellice
979 1813 1062 1891 regia
1083 1811 1223 1883 dilectu,
1240 1832 1310 1874 curn
1330 1815 1397 1892 ejus
1423 1832 1547 1873 amorem

599 1916 751 1967 aversatus
773 1930 903 1989 eousque
922 1909 1037 1979 inisset,
1049 1920 1113 1969 tum
1128 1910 1285 1991 ampiexus
1295 1912 1485 1971 occasionem
1498 1920 1547 1979 est,

598 2024 694 2085 esque
711 2008 841 2086 juvente
861 2026 930 2067 curm
950 2008 1055 2068 amicis
1074 2007 1147 2087 inge
1165 2016 1258 2089 cepta
1278 2006 1318 2068 ed
1335 2017 1548 2089 patrcmpene·

599 2103 699 2163 invii.

639 2206 690 2259 44.
714 2198 832 2279 Magne
842 2211 908 2261 crat
919 2203 1090 2280 mietio,
1103 2201 1186 2283 quod
1205 2212 1273 2283 post
1284 2204 1430 2282 ancipites
1444 2212 1493 2263 tot
1503 2224 1548 2263 ca·

598 2318 658 2368 su,
671 2299 723 2379 qui
735 2298 774 2359 de
786 2320 819 2358 se
831 2300 949 2379 suisque
961 2301 1069 2381 saepius
1081 2300 1231 2379 utrimque
1250 2297 1466 2381 desperassent,
1480 2300 1549 2360 seiri

598 2396 780 2478 sospitesque
800 2417 832 2456 se
854 2398 985 2457 missin
1005 2399 1197 2457 haereatur·
1238 2395 1324 2457 Inter
1343 2398 1422 2457 hano
1438 2396 1511 2456 dum
1522 2398 1549 2455 in

599 2492 699 2552 littore
724 2492 1025 2563 obambulantium
1047 2494 1217 2574 scorpiones
1239 2494 1317 2554 inter
1336 2512 1369 2553 se
1389 2503 1551 2573 pugnante

601 2590 718 2650 Marius
730 2600 814 2674 pater
826 2590 918 2650 ridet
959 2590 1095 2651 Eretiiie
1108 2592 1230 2652 virhuic
1240 2590 1376 2652 suiuus
1389 2592 1492 2671 generi
1503 2590 1550 2650 de-

599 2685 689 2758 ditus,
703 2697 745 2758 et,
759 2697 793 2747 ut
805 2687 894 2748 isoiie
905 2699 951 2748 est
962 2687 1161 2750 delirantibus
1173 2699 1266 2748 artem
1280 2709 1320 2748 ex
1333 2709 1431 2748 errore
1446 2689 1551 2756 iacere,

599 2784 701 2845 valere
724 2805 756 2846 se
768 2785 844 2845 tolie
864 2785 1076 2867 interpretandi
1092 2785 1260 2846 calliditate
1279 2787 1415 2866 putabat
1461 2785 1552 2864 Igitur

438 2867 505 2965 ¹¹:¹⁶,
599 2893 750 2942 avematus
762 2882 935 2943 hostilitatis
950 2903 1049 2954 omen,
1069 2903 1129 2944 non
1149 2883 1268 2944 distulit
1284 2882 1486 2944 conscendere
1498 2885 1551 2964 pis·

598 2980 743 3040 catorium
766 2980 961 3058 canipulum,
988 2991 1022 3041 et
1040 3001 1157 3042 ourmm
1180 2981 1212 3040 in
1233 2979 1392 3040 Cercinam
1416 2979 1553 3059 dirigere.

601 3077 644 3136 Et
656 3078 823 3158 opinionem
838 3077 1003 3159 prudentias
1015 3081 1082 3159 ejus
1093 3099 1156 3138 sors
1167 3076 1251 3137 reiut
1264 3075 1367 3137 dedita
1378 3097 1476 3156 opera
1486 3097 1553 3137 con·

600 3171 738 3234 firmarit.
781 3173 847 3234 Vix
866 3176 897 3234 in
915 3175 1009 3236 altum
1027 3177 1124 3236 evecti
1142 3186 1238 3248 erant,
1250 3193 1321 3234 oum
1334 3173 1441 3233 missos
1457 3173 1554 3234 aNu-

600 3268 682 3329 mida
693 3269 796 3330 vident
806 3271 922 3351 equites
933 3292 971 3332 eo
983 3273 1049 3352 ipso
1061 3273 1090 3330 in
1104 3270 1172 3332 ioco
1189 3280 1342 3350 vagantes,
1355 3268 1436 3329 unde
1450 3289 1555 3330 navem

436 3379 544 3446 Appia.
599 3365 838 3428 conscenderant.
879 3367 931 3427 Sic
953 3369 1028 3428 iuter
1047 3368 1147 3428 Africi
1165 3369 1256 3428 maris
1267 3367 1388 3435 insula,
1401 3368 1481 3448 quia
1493 3366 1556 3448 plus

601 3461 769 3523 insidiarum
793 3465 823 3524 in
848 3467 1018 3526 continente
1046 3467 1183 3536 timebant,
1208 3465 1290 3545 quod
1316 3465 1470 3544 reliquum
1496 3473 1556 3525 erat

600 3559 716 3640 hyemis
728 3559 766 3621 0.
783 3561 899 3622 Marius
911 3565 1022 3643 exegit.

642 3663 692 3716 45.
715 3657 797 3717 Dum
811 3658 852 3719 od
864 3660 943 3720 hunc
955 3659 1076 3720 modum
1093 3659 1230 3718 inimicus
1244 3656 1279 3716 1..
1293 3655 1389 3737 Sylla
1401 3666 1486 3718 terra
1498 3679 1557 3717 ma·

437 3763 492 3816 Liv.
500 3761 567 3826 Epir.
601 3751 683 3831 rique
692 3755 843 3833 jactatum
866 3757 928 3837 ipse
941 3776 1038 3816 rerum
1054 3757 1186 3816 omnium
1198 3762 1314 3834 potens,
1326 3763 1440 3814 statum
1452 3756 1557 3816 civita-

600 3850 639 3908 tis
652 3849 819 3923 ordinabat,
833 3873 893 3913 non
913 3854 1034 3914 victoris
1046 3852 1213 3923 insolentia,
1226 3851 1279 3911 sad
1291 3851 1510 3932 propemodum
1522 3851 1558 3912 ad

596 3949 711 4026 justum
723 3947 948 4031 legitimumque
961 3949 1091 4010 modum
1133 3947 1232 4029 lgitur
1249 3957 1282 4008 et
1302 3951 1370 4008 eris
1389 3949 1484 4010 alieni
1497 3971 1561 4032 per·

602 4043 722 4124 plexum
743 4054 932 4128 atrocemque
949 4045 1272 4126 controversiamque
1290 4065 1385 4126 nuper
1396 4045 1439 4105 ad
1453 4056 1560 4128 preto-

315 4119 321 4132 ’
438 4176 505 4226 Μ
514 4193 574 4226 voce
601 4138 641 4200 ris
654 4138 785 4202 Romani
799 4147 903 4204 necem
916 4151 1102 4225 pervenerat,
1114 4162 1154 4203 ax
1167 4161 1255 4222 equo
1266 4142 1404 4222 bonoque
1413 4142 1485 4204 lata
1497 4145 1559 4222 lege

439 4241 584 4292 ‘Unuuia'
604 4235 749 4298 Unciarie
773 4237 896 4299 decidit.
938 4239 1014 4318 Ejus
1036 4239 1111 4318 logis
1133 4259 1202 4300 oum
1226 4249 1432 4318 argumentum
1455 4240 1559 4311 lateat,

861 4444 877 4491 1
896 4441 1000 4492 Mur
1009 4457 1045 4492 οι
1055 4441 1128 4495 Pint.
1139 4441 1287 4494 adderes.
