3300 5225
828 518 1001 586 4724

831 1174 963 1226 Plan.

832 1459 961 1511 nin.
983 1459 1118 1511 Plut-

842 2226 1055 2292 Appian-

843 2325 977 2377 Plut.

856 4334 1069 4399 Appian-

1773 539 1844 586 Τ.
1891 537 2084 586 len

1151 694 1285 736 men
1319 675 1659 738 viventibus
1693 677 1969 759 proponit
1996 676 2323 760 spectanda
2355 677 2660 738 noxiorum
2698 687 2877 739 tanta
2912 699 3044 760 sup-

1151 771 1356 852 plicia,
1399 782 1488 845 ut,
1527 774 1576 833 si
1616 774 1765 834 nihil
1790 774 2069 855 deinceps
2103 773 2425 836 timendum
2452 773 2626 847 foret,
2663 775 2763 836 vel
2805 776 2905 835 his
2943 774 3040 835 de-

1150 868 1362 930 berent
1386 891 1425 929 a
1453 870 1759 951 peccando
1782 871 2084 932 deterreri.

1235 971 1295 1025 3.
1339 965 1751 1028 Dissimulavit
1774 976 1970 1027 tamen
1998 975 2316 1049 utcumque
2342 968 2483 1028 mali
2508 988 2741 1029 sensum
2768 969 2911 1047 Jam
2938 989 3046 1028 non

1154 1059 1302 1122 felix
1332 1062 1527 1144 Sylla,
1555 1073 1640 1134 et,
1666 1086 1787 1145 quo
1810 1075 2088 1125 avocaret
2111 1087 2146 1126 a
2171 1074 2294 1125 tem
2338 1065 2486 1125 tristi
2530 1066 2892 1144 cogitatione
2930 1065 3045 1123 ani·

1155 1180 1339 1233 mum,
1377 1161 1437 1221 in
1472 1161 1773 1241 quaslibet
1804 1164 2221 1244 occupationes
2252 1163 2536 1223 incubuit.
2619 1163 2862 1244 Quippe
2894 1159 3050 1221 deci-

1157 1277 1255 1319 mo
1281 1266 1419 1319 ente
1441 1278 1751 1319 excessum
1773 1259 1895 1332 die,
1916 1259 2387 1321 Puteolanorum
2412 1260 2868 1319 dissensionibus
2894 1280 3047 1319 com-

1158 1355 1384 1435 positis,
1414 1354 1573 1433 leges
1598 1357 1853 1437 scripsit,
1880 1358 2097 1436 quibus
2120 1357 2398 1438 deinceps
2424 1365 2736 1416 uterentur.
2820 1355 3048 1416 Rerum

1157 1472 1392 1512 suarum
1419 1454 1838 1534 componendis
1863 1452 2317 1514 Commentariis
2346 1453 2546 1524 biduo,
2574 1454 2919 1535 priusquam
2952 1453 3047 1512 de-

1156 1548 1416 1621 cederet,
1438 1571 1679 1631 operam
1695 1560 1988 1633 postremo
2003 1552 2193 1623 dedit,
2213 1552 2385 1613 alteri
2405 1560 2465 1612 et
2480 1552 2757 1613 vicesimo
2774 1551 2931 1611 libro
2949 1550 3048 1608 im·

1158 1657 1440 1709 mortuns.
1524 1647 1599 1709 In
1638 1671 1712 1709 eo
1750 1651 2068 1711 Chaldaeos
2093 1651 2205 1711 sibi
2233 1650 2573 1732 praedixisse
2608 1651 2914 1720 narrabat,
2954 1647 3047 1708 ubi

1158 1745 1350 1823 gloria
1373 1746 1657 1808 invidiam
1682 1748 1936 1819 vicisset,
1965 1748 2023 1808 in
2050 1769 2277 1809 summo
2313 1747 2454 1809 flore
2480 1747 2781 1808 felicitatis
2797 1768 2926 1807 esse
2950 1747 3047 1807 ob-

1161 1844 1395 1904 iturum.
1479 1842 1756 1924 Itemque
1782 1847 2067 1905 somnium
2095 1847 2393 1927 praeterita
2427 1854 2597 1906 nocte
2624 1846 2738 1905 sibi
2764 1844 3046 1915 oblatum,

1162 1961 1268 2021 per
1288 1941 1448 2020 quod
1475 1940 1726 2002 filiolum
1769 1964 1961 2014 snum,
2001 1952 2138 2003 ante
2170 1942 2481 2004 Metellam
2506 1953 2821 2014 mortuum,
2854 1941 3050 2002 videre

1160 2038 1323 2097 visus
1361 2047 1536 2110 esset,
1571 2039 1971 2120 appellantem
2012 2062 2098 2112 se,
2126 2041 2578 2122 jubentemque,
2611 2041 2767 2100 curis
2808 2041 3047 2108 omisi&

1162 2134 1246 2194 ire
1271 2155 1471 2195 secum
1493 2135 1570 2195 ad
1597 2144 1867 2207 matrem,
1889 2138 1994 2197 ubi
2019 2158 2155 2197 cum
2172 2158 2247 2198 es
2271 2139 2332 2198 in
2352 2139 2548 2218 quiete
2568 2146 2630 2197 et
2652 2138 2779 2197 otio
2798 2137 3046 2216 degeret.

1244 2237 1306 2290 4.
1349 2230 1676 2304 Postridie,
1701 2252 1839 2293 cum
1864 2232 1925 2293 id
1949 2234 2240 2294 somnium
2274 2233 2481 2293 amicis
2507 2242 2853 2304 enarraaeet,
2878 2242 3046 2292 testa-

1165 2329 1351 2388 menti
1390 2327 1628 2389 tabulas
1672 2329 1930 2390 confecit
1967 2331 2434 2411 obsignavitque.
2518 2329 2675 2391 Mox
2703 2331 2819 2400 ‚sub
2854 2351 3046 2410 vespe-

1165 2444 1293 2484 ram
1327 2425 1621 2495 nuntiato,
1649 2424 1943 2486 Granium
1978 2426 2300 2508 quendam,
2329 2426 2685 2487 Puteolanae
2724 2425 3047 2507 reipublice

1166 2520 1516 2594 debitorem,
1558 2530 1806 2582 mortem
1850 2525 1979 2603 ejus
2023 2535 2360 2606 expectare,
2402 2545 2476 2585 ne
2532 2524 2824 2593 solveret;
2868 2525 3049 2584 accito

1169 2622 1391 2682 homini
1418 2621 1477 2681 in
1503 2619 1844 2682 cubiculum
1871 2643 1910 2683 n
1932 2622 2170 2684 famulis
2204 2625 2517 2705 intorqueri
2543 2624 2768 2695 fauces,
2797 2642 2909 2682 non
2934 2622 3049 2681 sine

1170 2719 1501 2781 vehementi
1525 2718 1788 2779 clamore
1811 2728 1873 2779 et
1896 2722 2155 2802 corporis
2170 2723 2504 2802 Jactatione
2531 2720 2732 2800 jussit.
2819 2719 2922 2779 Ab
2946 2719 3051 2777 bac

1170 2816 1547 2877 contentione
1574 2824 1750 2896 rupta
1775 2819 2009 2878 vomica
2032 2839 2303 2899 magnam
2332 2821 2453 2879 vim
2480 2817 2694 2879 effudit
2732 2818 3048 2895 sanguinis:

1170 2933 1248 2972 ne
1274 2914 1379 2993 qui
1404 2920 1527 2972 tam
1551 2914 1958 2992 sanguinarius
1993 2917 2053 2975 in
2079 2918 2203 2977 vita
2227 2916 2453 2987 fuisset,
2482 2918 2789 2976 incruenta
2812 2914 2886 2973 ad
2912 2912 3049 2972 infe-

1173 3032 1270 3070 ros
1295 3019 1479 3070 morte
1505 3008 1902 3072 descenderet.
1986 3013 2091 3076 Ita
2128 3016 2353 3074 viribus
2387 3014 2636 3074 defectis
2666 3022 2892 3072 noctem
2926 3031 3049 3070 eam

1175 3110 1322 3168 inter
1355 3127 1612 3167 summos
1635 3111 1936 3171 cruciatus
1968 3131 2103 3172 cum
2134 3114 2448 3191 exegisset,
2477 3110 2775 3171 infelicem
2803 3109 3048 3191 spiritum

1177 3204 1449 3265 reddidit.

1262 4322 1321 4375 5.
1368 4313 1536 4374 Mors
1563 4310 1754 4393 Synae
1780 4313 2090 4375 confestim
2115 4314 2443 4389 consulum,
2469 4317 2604 4394 Jam
2634 4322 2769 4374 ante
2794 4331 2897 4373 non
2920 4309 3053 4368 satis

1179 4411 1581 4482 concordium,
1626 4413 2030 4473 contentiones
2071 4413 2381 4473 excitavit.
2467 4412 2747 4484 Senatus,
2787 4409 3047 4471 referente
