3300 5225
389 610 496 689 arani
523 638 666 691 nxxrx.
689 598 1015 696 surrnaunrrrurr.
1174 632 1264 699 ⁴5⁷9

141 780 268 863 quidem
282 788 373 865 atque
394 783 549 846 salubriter
567 784 738 848 admoneri'
756 787 905 849 fatebatur
915 809 930 849 t·
945 797 955 825 ⁸
969 798 1102 851 ceterum

142 880 256 962 pudore
271 902 304 941 se
317 883 470 954 contineri,
486 903 522 943 ne
546 883 677 944 Marium
695 884 850 957 excludat,
864 906 953 967 quem
965 888 996 947 in
1008 888 1101 948 socie·

141 980 237 1039 tatem
262 978 335 1040 belli
357 980 436 1041 ultro
459 980 651 1044 advocasse!
693 982 744 1043 Ibi
767 983 916 1044 Sertorius
937 984 1102 1066 excipiens,

143 1086 152 1113 ⁸
167 1076 273 1157 Atqui
287 1078 364 1157 ego‚'
379 1078 485 1159 inquit,
500 1078 601 1161 ‘quod
610 1100 664 1140 sua
674 1088 778 1162 sponte
789 1080 920 1141 Marium
933 1082 961 1140 in
978 1080 1101 1142 ltaliam

141 1176 261 1235 venisse
274 1176 449 1247 arbitrabar,
463 1196 530 1237 eam
549 1179 723 1240 sententiam
740 1179 815 1239 dixi.
859 1177 951 1245 Quod
964 1180 990 1238 si
1003 1183 1100 1241 accitu

143 1282 196 1332 tuo
219 1271 317 1343 adest,
331 1282 482 1334 transacta
495 1295 541 1335 res
553 1286 628 1346 erat,
642 1297 737 1356 neque
752 1278 885 1336 revocari
902 1277 933 1335 in
953 1276 1100 1338 delibera-

142 1370 256 1429 tionem
270 1368 420 1431 debebat.’
450 1371 502 1431 Ita
515 1382 666 1453 receptum
681 1373 780 1434 Cinna
796 1374 965 1456 appellavit
975 1394 1100 1455 procon·
1113 1390 1179 1441 Ptua
1190 1390 1254 1443 Mar.

142 1466 252 1538 sulem,
261 1466 415 1547 fascesque
427 1467 466 1528 ad
480 1489 548 1531 eum
558 1480 589 1531 et
602 1470 663 1530 alia
675 1472 861 1550 magistratus
872 1473 999 1551 insignia
1010 1474 1101 1534 misit.
1112 1454 1243 1585 fflfffi

143 1564 207 1625 Sed
221 1564 285 1637 ille,
298 1567 456 1627 convenire
475 1568 540 1628 haec
558 1566 657 1628 exulis
668 1568 793 1629 fortuna
807 1570 955 1649 negando,
969 1568 1101 1629 sordida·
1114 1582 1171 1635 val.
1181 1584 1246 1633 Ploa

142 1670 192 1721 tus
210 1672 302 1742 atque
323 1664 477 1743 squalidus
491 1664 572 1727 lento
585 1686 672 1746 passu
687 1666 855 1736 incedebat,
874 1666 1102 1727 miscricordiam

141 1761 262 1820 concire
282 1760 413 1821 studens.
450 1759 511 1822 Sed
533 1764 717 1843 prominebat
736 1772 822 1823 atrox
847 1765 972 1834 animus,
996 1764 1102 1825 effera·

142 1866 269 1938 tumque
283 1858 380 1939 potius
392 1858 574 1932 calamitate,
588 1878 679 1941 quam
696 1859 853 1933 domitum,
864 1863 992 1922 torvitas
1003 1861 1103 1924 vultus

144 1950 311 2014 indicabat.

184 2057 237 2111 46.
260 2048 399 2111 Salutate
412 2049 544 2121 consule,
559 2060 591 2111 et
603 2049 642 2110 ad
661 2050 770 2112 milites
787 2052 922 2112 oratione
934 2052 1050 2124 babita,
1063 2052 1103 2115 dc

142 2147 228 2208 bello
249 2148 446 2208 deliberatum
468 2149 543 2208 inter
565 2148 658 2208 duces
680 2158 736 2208 est.
779 2147 1020 2230 oppuguandam
1039 2170 1102 2211 esse

144 2244 263 2305 Urbem
288 2244 495 2316 conveniebat,
517 2246 660 2306 invitante
682 2254 790 2327 praeter
808 2246 871 2306 alia
890 2247 1020 2308 conmlis
1043 2246 1102 2308 Cn.

143 2340 270 2403 Octavii
293 2343 427 2422 segnitie,
446 2362 504 2403 non
527 2352 589 2403 tarn
606 2343 764 2425 imperitia,
784 2364 876 2424 quam
897 2344 1104 2425 intempestiva

143 2439 245 2520 legum
258 2461 341 2512 cura,
358 2442 526 2501 occasiones
538 2442 764 2522 corrumpentis.
807 2442 892 2501 luter
903 2462 983 2521 quae,
991 2434 1103 2520 juben·

143 2539 225 2598 tibus
237 2538 338 2598 multis
351 2538 390 2599 ad
404 2537 602 2599 defensionem
611 2538 705 2599 Urbis
718 2538 856 2599 libertate
869 2540 1028 2620 proposita,
1036 2560 1099 2599 ser·

142 2655 248 2697 vorum
261 2635 376 2696 auxilio
395 2636 596 2714 uumegevit,
610 2644 619 2672 ‘
634 2637 770 2697 servisse
786 2645 890 2696 eontra
910 2636 990 2714 leges
1010 2635 1098 2696 datu·
1167 2702 1171 2711 ¹

141 2755 207 2795 rum
221 2755 289 2795 eam
302 2733 465 2805 civitatem,
479 2733 556 2794 undo
571 2732 609 2793 C.
625 2732 754 2794 Marium
769 2733 883 2814 legibup
894 2753 1001 2814 parens
1011 2753 1097 2794 arce·

142 2833 211 2894 ret’
254 2831 303 2893 At
321 2831 408 2910 longe
430 2830 490 2890 alia
514 2829 658 2891 Cinnanis
683 2832 760 2892 ratio
785 2840 861 2904 erat,
884 2831 948 2911 qui,
972 2835 1099 2911 quatuor
1110 2841 1168 2891 rior
1168 2857 1219 2890 11111
1222 2843 1264 2895 ιι.

142 2926 233 2990 lactis
245 2929 437 3002 exercitibus,
460 2949 514 3009 pro
534 2947 655 2988 numero
666 2927 787 2999 ducum,
802 2929 886 3006 (narn
905 2936 1012 3008 prater
1025 2927 1100 2988 Cin·
1112 2930 1219 2997 appia

142 3045 212 3086 nam
222 3035 257 3087 et
266 3025 409 3096 Marium,
419 3025 539 3086 seorsim
550 3025 593 3092 Q.
605 3023 764 3097 Sertorius,
775 3023 834 3084 Cn.
845 3024 988 3105 Papirius
1000 3024 1102 3085 Carbo

142 3123 323 3202 ducebant)
336 3121 469 3182 Tiberim
489 3141 604 3182 amnem
617 3121 793 3182 clauserant.
838 3120 888 3181 lix
901 3120 1026 3182 adverso
1039 3121 1103 3181 Ur·

142 3221 190 3279 bis
204 3219 305 3280 Cinna
318 3228 351 3280 et
363 3218 465 3280 Carbo
478 3220 631 3280 babebent
647 3229 765 3281 castra:
787 3237 878 3300 supra
894 3217 1011 3278 Urbem
1031 3217 1101 3280 Ser·

142 3317 249 3387 mnus,
269 3317 346 3378 infre
359 3317 397 3377 C.
421 3315 536 3376 Marius
547 3315 761 3378 consederant:
782 3323 824 3386 et,
839 3315 980 3396 pontibus
991 3315 1102 3395 ubique

142 3414 299 3494 impositis,
313 3411 497 3494 dimissisque
512 3413 550 3474 ad
569 3413 751 3496 diripiendos
775 3413 974 3492 negotiatores
986 3411 1101 3486 lembis,
1114 3411 1182 3462 Prot.

143 3531 180 3571 ne
193 3511 267 3592 quid
278 3512 427 3592 importari
441 3511 470 3570 in
483 3510 599 3572 Urbem
610 3521 719 3594 posset,
733 3510 940 3592 prohibebant.

184 3617 238 3673 4⁵1.
261 3609 380 3670 Ostiam
406 3628 524 3690 quoque
550 3609 698 3669 coloniam
722 3605 890 3690 proditione
919 3605 1103 3688 quorundam
1115 3626 1168 3677 u„
1183 3625 1205 3675 n
1222 3625 1250 3677 n,

141 3708 331 3789 expugnarit
343 3706 471 3776 Marius,
484 3705 644 3786 multisque
658 3705 688 3766 in
701 3727 737 3766 ea
750 3706 892 3788 peremtis
908 3705 1035 3774 civibus,
1049 3724 1103 3784 op·
1115 3708 1188 3805 0¹¹1*
1222 3707 1237 3738 ⁰
1251 3726 1258 3741 ·

142 3803 248 3886 pidum
263 3803 391 3864 nelanda
407 3812 506 3882 strage
526 3802 668 3885 diripuit:
690 3803 828 3864 omnibus
840 3803 986 3871 avaritia,
999 3799 1103 3861 libidi·
1116 3821 1223 3887 Appias.

143 3903 201 3970 nis,
222 3900 406 3981 saevitiaque
424 3899 571 3981 exemplis
593 3901 634 3959 ibi
652 3897 750 3960 editis.
793 3897 848 3959 Ab
860 3897 921 3958 alia
934 3905 1017 3979 parte
1031 3897 1104 3956 Ari·

140 4001 271 4069 minum,
292 3997 386 4058 missis
408 4018 445 4058 eo
470 3997 576 4078 copiis,
598 3995 697 4057 Cinna
718 3995 835 4074 redegit
855 3997 886 4056 in
907 4002 1103 4076 potestatem:

141 4097 399 4179 quassataque
424 4095 455 4155 in
475 4094 594 4176 Togata
616 4093 723 4155 Gallia
744 4092 881 4154 collectae
899 4091 996 4172 copiae
1008 4099 1104 4162 erant,

140 4193 391 4255 excludebantur.
434 4191 525 4252 Unde
547 4200 638 4252 arctae
664 4191 694 4250 in
718 4189 804 4250 Urbe
825 4209 872 4249 res
892 4209 960 4266 esse
981 4187 1104 4269 incipie-

142 4295 236 4353 bant:
267 4299 381 4350 tantam
398 4287 616 4350 multitudinem
634 4290 695 4349 cito
716 4296 867 4368 premente
886 4292 1103 4347 commeatuum

140 4389 267 4470 inopia;
292 4387 439 4467 variisque
448 4387 565 4447 interim
573 4387 684 4446 obortis
692 4383 928 4454 difficultatibus,
938 4402 1005 4442 cum
1015 4382 1103 4460 longe

141 4487 247 4547 omnia
267 4483 381 4545 auxilia
401 4493 514 4553 essent:
541 4483 668 4570 populus
691 4481 807 4551 animis,
826 4490 948 4540 senatus
966 4477 1102 4546 consilio,
