3300 5225
894 560 928 605 Τ.
952 558 1047 608 LlVll

572 700 1430 785 speandumsuxssiumantisnecessiatibusetp'etendum
1441 713 1527 763 esset.

574 798 679 859 Animi
692 800 736 859 tui
750 799 992 877 magnitudinem,
1003 819 1093 881 quarn
1106 810 1139 860 et
1149 800 1280 881 corporis
1291 798 1420 879 dignitas
1432 802 1528 861 mani-

573 896 651 955 festa
662 894 722 955 fide
735 897 829 956 oculis
842 906 995 969 monstrat,
1016 898 1153 976 ignorari,
1173 908 1258 979 gesta
1275 906 1328 957 tua
1341 897 1470 979 plurima
1482 907 1528 957 at·

572 1012 633 1071 que
645 993 827 1074 amplissima
840 1013 1026 1075 nequaquam
1038 996 1200 1075 patiuntur.
1244 992 1294 1054 Ex
1307 994 1410 1054 iisdem
1424 1002 1529 1075 poten-

574 1090 618 1148 tia
638 1098 692 1149 tua
711 1098 743 1149 et
762 1099 851 1150 aucta
872 1100 917 1150 est
938 1101 969 1150 et
989 1090 1144 1151 inclaruit:
1166 1090 1274 1171 quibus
1292 1092 1424 1171 utrisque
1443 1091 1530 1150 rebus

574 1187 723 1245 neminem
733 1188 788 1247 tibi
800 1196 938 1267 putamus
946 1188 1134 1269 praesentium
1144 1206 1245 1267 regum
1256 1188 1421 1268 comparari
1435 1206 1529 1268 posse.

578 1282 785 1343 Ferocissimas
796 1285 875 1343 enim
889 1284 1066 1365 Scytharum
1084 1294 1195 1365 gentes,
1214 1284 1323 1365 quibus
1340 1304 1438 1364 neque
1452 1284 1529 1345 Per-

570 1390 673 1439 aarum
694 1382 793 1458 magni
813 1402 907 1460 reges,
924 1400 1019 1460 neque
1034 1380 1129 1441 victor
1149 1380 1252 1441 horum
1270 1380 1461 1453 Alexander,
1476 1381 1530 1441 im·

575 1496 685 1557 ponere
700 1478 808 1555 jugum
825 1485 993 1559 potuerunt,
1004 1496 1087 1558 paene
1106 1497 1179 1557 puer
1199 1478 1241 1537 ita
1258 1477 1408 1549 domuisti,
1427 1484 1463 1537 ut
1480 1476 1532 1535 alii

575 1574 631 1633 tibi
648 1594 707 1634 non
727 1574 851 1634 obscure
870 1576 1011 1644 serviant,
1033 1575 1086 1633 alii
1113 1576 1230 1635 nomine
1258 1574 1402 1635 sociomm
1425 1573 1532 1634 eadem

575 1671 667 1733 ferme
681 1670 805 1743 faciant,
819 1692 887 1753 quae
901 1673 988 1733 victis
1001 1674 1192 1753 imperantur.
1235 1670 1319 1733 Nam
1334 1672 1448 1733 vicinos
1465 1672 1532 1751 qui-

575 1768 645 1828 dem
662 1788 755 1848 reges,
774 1771 831 1830 nisi
851 1770 959 1849 quibus
977 1790 1081 1851 pacem
1101 1778 1132 1830 et
1152 1770 1313 1831 amicitiam
1336 1780 1470 1851 praestas,
1489 1768 1534 1829 sic

456 1938 461 1947 .
576 1866 756 1928 assuefactos
767 1868 871 1939 habes,
886 1877 920 1928 ut
935 1868 1056 1951 placato
1073 1876 1104 1927 te
1119 1888 1240 1947 regnare
1259 1866 1317 1928 illis
1331 1866 1423 1927 liceat
1432 1888 1441 1936 3
1463 1886 1534 1927 cum

576 1964 670 2024 iratus
685 1962 786 2037 lineris,
799 1965 857 2024 sibi
873 1966 1003 2025 sentiant
1017 1963 1199 2025 exulandum
1215 1984 1288 2025 esse.
1329 1965 1436 2045 Atque
1452 1964 1534 2024 idem

576 2063 675 2123 amico
694 2072 784 2142 atque
803 2060 887 2123 affini
903 2062 1030 2143 Tigrane
1051 2064 1151 2135 uteris,
1172 2083 1234 2143 quo
1250 2082 1338 2124 nemo
1355 2081 1459 2141 regum
1477 2060 1535 2123 tibi

577 2169 623 2220 est
639 2160 843 2240 magnitudine
863 2180 959 2221 rerum
979 2170 1125 2241 gestarum
1143 2169 1175 2221 et
1192 2160 1308 2241 imperii
1323 2160 1458 2221 similior.

617 2264 669 2318 14.
690 2268 700 2295 ‘
716 2257 776 2318 Sed
789 2260 855 2320 haec
867 2260 1085 2319 tamen-omnia
1104 2259 1302 2340 nequicquam
1314 2256 1462 2327 adamant,
1478 2258 1535 2317 nisi

576 2366 631 2417 tua
650 2356 807 2436 singularis
824 2366 856 2417 et
877 2376 961 2438 paene
983 2356 1085 2419 divina
1103 2356 1259 2438 prudentia
1280 2354 1335 2416 tibi
1353 2355 1484 2416 dictarat
1504 2366 1536 2414 et

577 2462 693 2535 tempus
719 2452 822 2516 utendi
848 2462 879 2513 et
904 2452 1034 2513 modum.
1085 2452 1156 2513 Jam
1177 2451 1261 2525 olim,
1285 2470 1340 2513 nec
1362 2454 1442 2511 enim
1464 2451 1535 2511 abs·

577 2560 659 2612 musa
680 2559 733 2612 aut
750 2552 891 2631 ambigua
909 2551 1067 2632 loquimur,
1085 2550 1169 2624 olim,
1189 2550 1320 2632 inquam,
1339 2558 1369 2609 te
1393 2548 1535 2609 ambitio-

465 2660 469 2669 ·
577 2651 624 2709 nis
645 2659 676 2710 et
698 2650 831 2711 avaritiae
855 2647 1004 2710 Romanae
1024 2651 1114 2730 piget.
1166 2648 1285 2709 Idcirco
1303 2657 1335 2708 et
1357 2647 1465 2726 legatis
1484 2667 1535 2707 eo·

577 2767 642 2807 rum
657 2767 735 2830 saepe
753 2746 879 2808 viriliter
897 2747 1086 2829 respondisti,
1104 2755 1136 2806 et
1151 2766 1219 2807 cum
1241 2745 1345 2805 eadem
1363 2754 1464 2806 mum
1486 2765 1536 2804 su-

577 2845 681 2926 perbia
703 2845 817 2907 vellent
838 2865 936 2925 agere,
960 2865 1021 2926 qua
1042 2853 1158 2905 ceteros
1179 2852 1286 2904 terrere
1306 2850 1537 2912 consueverunt,

577 2943 703 3004 effecisti
723 2953 758 3004 ut
779 2944 990 3024 intelligerent,
1011 2943 1068 3003 sibi
1091 2962 1158 3002 cum
1179 2941 1272 3002 libero
1295 2961 1363 3021 rege
1385 2940 1537 3023 plenoque

579 3041 754 3114 animorum,
767 3051 799 3102 et
810 3040 850 3102 ad
870 3043 971 3103 omnia
991 3049 1108 3122 parato,
1127 3040 1276 3120 negotium
1290 3039 1363 3100 iore.
1406 3039 1494 3106 Quin
1507 3048 1539 3098 et

578 3135 695 3199 illorum
718 3139 824 3220 iniqua
847 3138 968 3200 decreta
994 3138 1075 3200 haud
1098 3136 1188 3199 semel
1212 3137 1291 3199 ferro
1316 3135 1482 3198 rescidisti:
1505 3147 1539 3196 ut

579 3237 689 3297 scirent
706 3237 798 3298 vicini
815 3256 909 3316 reges,
931 3237 1029 3297 minus
1042 3236 1144 3296 illisio
1158 3235 1291 3297 amicitia
1302 3231 1446 3296 Romana
1459 3255 1537 3318 prva-

579 3332 660 3404 sidii,
679 3354 769 3414 quam
789 3337 818 3395 in
840 3345 893 3396 tua
913 3333 1026 3395 offensa
1045 3334 1168 3416 periculi
1188 3354 1260 3394 esse.

620 3438 671 3493 ro.
693 3429 784 3493 ‘Pro
806 3433 915 3512 quibus
936 3433 1014 3492 ausis
1037 3452 1105 3513 qua
1128 3431 1183 3492 tibi
1208 3432 1268 3491 sint
1290 3429 1370 3512 apud
1390 3429 1538 3512 populum

582 3527 756 3590 Romanum
773 3531 904 3611 reposita
931 3531 1063 3614 praemia,
1087 3529 1175 3590 simul
1194 3528 1246 3590 ille
1266 3549 1378 3590 vacuus
1396 3549 1415 3590 a
1436 3530 1539 3611 propi-

580 3627 680 3687 oribus
697 3626 783 3687 bellis
799 3627 899 3699 fuerit,
913 3629 1032 3707 ignarus
1049 3648 1112 3688 essa
1131 3648 1188 3688 non
1208 3635 1303 3709 potes
1346 3623 1399 3687 Sic
1417 3645 1539 3707 quoque

580 3723 674 3803 iegati
691 3724 771 3785 illius
790 3734 880 3806 atque
899 3725 1087 3807 proconsules
1107 3727 1266 3798 minantur,
1286 3725 1426 3794 fremunt,
1447 3723 1539 3805 plane

579 3841 641 3902 pra
658 3841 689 3882 se
709 3820 809 3883 lerunt
824 3822 950 3894 bellum,
968 3844 1036 3883 suas
1054 3823 1188 3905 copiolas
1206 3833 1322 3907 parant,
1338 3821 1464 3883 sociales
1482 3843 1538 3882 ex-

579 3918 685 3989 citant,
709 3919 752 3979 ita
766 3927 858 4000 agunt
878 3921 988 3993 omnia,
1006 3931 1051 3992 ut,
1070 3924 1206 4002 quamvis
1223 3920 1361 3983 derideas
1383 3931 1538 3992 conatum,

581 4017 697 4076 animus
712 4026 810 4078 tamen
831 4027 983 4099 appareat.

623 4121 671 4176 16.
685 4125 694 4152 ‘
707 4111 782 4176 Non
795 4113 901 4176 dubito
914 4117 985 4197 quin
1000 4117 1076 4176 inter
1089 4117 1146 4176 ista
1159 4115 1336 4187 memineris,
1350 4136 1438 4196 quam
1454 4136 1538 4177 arro-

429 4247 553 4310 swm
576 4224 689 4294 ‚gauter
701 4213 771 4273 olim
787 4213 914 4284 Marius,
932 4213 1039 4275 deinde
1058 4213 1146 4296 Sylla
1162 4222 1261 4274 tecum
1283 4213 1412 4292 egerint;
1422 4230 1435 4258 ¹
1446 4234 1540 4295 quam

416 4315 458 4362 48.

612 4431 625 4459 ·
654 4424 732 4479 Qum
759 4430 901 4487 arroganter
924 4425 980 4476 olim
1000 4424 1104 4484 Moriar,
1125 4424 1210 4475 deinde
1231 4421 1300 4490 asin
1329 4429 1405 4475 troam
1430 4425 1540 4489 egerint]
