3300 5225
404 577 1005 636 nrrrrxovrr.surrnnnruruu.
1165 573 1254 642 sala
1356 636 1363 645 .

141 718 236 781 deleri
259 738 344 801 posse
364 718 453 782 facile
482 730 574 793 ratus,
596 722 642 783 bis
668 724 874 789 insidiabatur.
915 728 1088 813 Spumeus,

140 836 312 898 quanquam
334 838 451 878 suorum
473 821 659 880 coutumacia
680 821 807 895 doleret,
829 834 930 888 umen
947 828 988 888 ob
1009 848 1089 889 com·

139 932 230 973 mune
246 914 409 996 periculum
427 916 471 977 ita
487 915 605 993 egebat,
629 925 662 977 nt
677 918 797 999 quondo
814 921 919 983 eodem
936 924 1017 985 vallo
1038 946 1090 986 eos
1116 931 1225 984 Pronum

138 1014 293 1073 continere
313 1033 372 1073 nou
391 1022 518 1095 poterat,
538 1013 618 1075 baud
638 1015 754 1095 longius
769 1018 838 1079 inde
854 1042 942 1102 quern
956 1021 1089 1085 loconrm
1101 1011 1132 1048 ¹¹⁸
1144 1002 1220 1050 ⁵⁶⁸⁴·

137 1108 334 1171 commoditas
346 1108 445 1183 ferret,
458 1118 555 1171 casua
567 1119 737 1173 metaretur.
779 1114 887 1194 Igitur,
901 1117 963 1179 illis
973 1120 1005 1179 iu
1017 1140 1089 1199 agro

139 1205 326 1269 Crotoniensi
335 1217 433 1287 castra
445 1208 633 1280 bubentibus,
642 1208 704 1290 ipse
714 1210 795 1272 hand
806 1232 914 1292 magno
921 1215 990 1277 iude
999 1217 1088 1278 inter·

136 1304 220 1365 vallo
232 1305 375 1367 consedit.
749 1360 751 1367 ,

177 1407 208 1461 8.
231 1401 366 1475 Crassus,
380 1400 482 1463 divisis
499 1410 530 1463 ct
545 1402 608 1483 ipse
627 1404 732 1485 copiis,
745 1406 849 1467 castus
868 1407 995 1470 bostium
1015 1412 1088 1473 birra

133 1508 235 1560 casua
247 1507 435 1581 opposuerat,
449 1501 492 1561 its
504 1500 642 1581 partitus,
651 1510 686 1563 ut
694 1503 837 1580 majorem
850 1523 1001 1567 numerum
1014 1528 1085 1569 con·

134 1606 183 1656 trs
209 1596 385 1677 Spartacum
416 1596 557 1667 baberet;
588 1606 693 1659 contra
716 1597 841 1659 Castum
863 1609 895 1661 et
919 1600 1086 1665 Granicum

134 1692 324 1754 multitudine
337 1712 373 1753 ac
383 1693 491 1753 virtute
504 1692 656 1755 inferiores
667 1694 841 1755 collocaret.
870 1695 932 1758 Sed
944 1699 996 1759 ubi
1009 1709 1084 1761 tem·

133 1810 190 1871 pus
206 1798 404 1872 opportunum
424 1790 538 1851 venisse
557 1791 683 1872 putavit,
704 1812 764 1871 quo
785 1794 912 1855 minores
931 1795 976 1855 illi
992 1795 1084 1858 duces

132 1888 259 1969 opprimi
273 1895 403 1968 possem,
420 1894 509 1947 noctu
524 1888 718 1949 commutavit
734 1890 848 1970 copies,
866 1892 971 1953 relicto
982 1900 1083 1953 umen

131 1984 160 2043 in
175 1984 337 2063 majoribus
348 1983 452 2045 cestris
464 1984 612 2063 pretorio,
624 1991 658 2043 ut
667 1983 710 2044 ibi
719 2004 782 2046 esse
794 1987 999 2068 imperatorem
1013 2009 1081 2050 cum

129 2080 275 2143 validiore
292 2089 377 2163 parte
390 2081 537 2141 exercitus
559 2079 722 2162 Spartacus
742 2083 885 2145 crederet.
915 2084 954 2147 G.
972 2085 1081 2148 deiude

130 2178 325 2262 Pomptinum
342 2185 375 2239 et
387 2177 425 2239 C.
441 2178 589 2239 Marcium
606 2176 733 2240 Rnffum
747 2180 872 2261 lagatos,
894 2203 963 2245 cum
974 2182 1080 2245 cobor-

128 2276 209 2337 trbus
229 2276 428 2358 quingenariis
447 2275 614 2348 duodecim,
630 2286 699 2357 post
715 2288 845 2339 montem
865 2281 1077 2343 circummittit.
1101 2284 1243 2363 J’tutrma-

129 2372 165 2434 1.
176 2373 332 2441 Quintium
343 2394 411 2435 cnm
423 2380 506 2455 parte
516 2373 665 2455 equitatus
672 2374 826 2437 ludificare
841 2376 1018 2459 Spartacum
1025 2382 1079 2460 ju·
1090 2358 1135 2403 ¹²¹¹·
1144 2361 1206 2405 Μ
1214 2360 1240 2407 ⁷·

127 2472 201 2543 bat3
223 2471 365 2534 cumulis
377 2480 461 2552 parte
474 2469 581 2531 Gallos
594 2470 817 2553 Germanosque
828 2474 867 2534 ad
881 2495 1010 2556 pugnem
1023 2475 1080 2536 eli·

126 2588 212 2630 cere:
234 2588 304 2630 mox
326 2566 459 2630 cedendo
475 2567 515 2629 ed
537 2567 653 2630 radices
674 2570 784 2631 montis
800 2569 920 2645 ducena,
940 2573 993 2634 ubi
1014 2574 1077 2656 ipse
1105 2578 1213 2634 Frontis.

125 2687 196 2728 cum
209 2665 374 2746 legionibus
385 2666 533 2728 instnmtis
546 2675 611 2727 erat
622 2667 816 2748 opperimur.
1088 2660 1120 2699 ¹¹·
1130 2653 1155 2698 ⁵·
1164 2653 1207 2700 ⁸⁴·

167 2773 199 2828 4.
220 2763 352 2826 Rectum
373 2763 458 2825 ducis
476 2763 630 2826 consilium
649 2764 792 2826 industrio
810 2766 974 2846 legatorum
986 2776 1019 2829 et
1030 2777 1076 2830 te·

125 2863 245 2924 meritos
257 2862 386 2923 bostium
399 2861 542 2943 propositi
560 2880 682 2942 compos
698 2860 780 2922 iecit.
822 2861 1020 2942 Reiogieutes
1035 2885 1076 2926 ex

122 2959 287 3040 composito
298 2958 422 3039 equites,
441 2958 634 3038 incomposito
652 2957 767 3036 agmine
780 2967 951 3039 sequentem
962 2960 1076 3022 bostem

123 3075 192 3118 cnm
206 3055 246 3116 nd
257 3056 370 3116 dictum
381 3054 479 3117 locum
490 3055 712 3137 pertraxissent,
723 3055 753 3114 in
763 3053 860 3116 lutera
867 3055 1074 3131 discaasarnnt,

122 3151 301 3234 sublatoque
325 3153 457 3215 clamore
479 3151 623 3213 Romus
654 3153 733 3213 scies
766 3153 888 3234 excepit
921 3155 1073 3216 barbarom

122 3249 236 3332 Neque
246 3253 388 3333 potuisset
400 3249 593 3332 opportunius
602 3270 648 3310 res
660 3249 778 3322 cadere,
792 3251 942 3328 magnoin
956 3253 1072 3334 pericn-
1145 3308 1156 3330 ‚

121 3347 152 3408 lo
164 3347 271 3408 futuris
283 3349 335 3429 qui
355 3369 423 3409 cum
436 3347 602 3430 Pomptino
616 3345 770 3427 Ruffoque
789 3355 885 3418 erant,
897 3347 924 3408 ai
943 3349 1072 3410 nuntiari
1082 3361 1150 3412 Plet.

121 3445 268 3506 sdvennrs
293 3465 395 3506 eornm
424 3444 556 3505 noudum
581 3443 734 3525 occupatis
759 3443 893 3504 hostibus
917 3445 1070 3527 potuisset.

120 3539 265 3622 Namque
277 3542 309 3603 in
326 3561 363 3602 eo
379 3561 446 3602 cum
462 3560 577 3601 mmma
597 3540 661 3620 spei
684 3539 842 3602 consistere
858 3540 1020 3614 rideretur,
1037 3551 1073 3604 nt

118 3647 306 3721 euntesque
329 3639 532 3712 mittebantur,
559 3636 667 3698 deinde
690 3645 911 3719 prorumpentes
931 3638 1071 3701 fallerent

117 3738 245 3810 bostem,
266 3757 362 3818 euque
384 3737 422 3798 de
443 3755 535 3798 musa
553 3733 654 3815 galeso
673 3733 829 3795 iroudibus
848 3737 1074 3807 contexissent3'

101 3835 193 3896 sorte
206 3837 357 3918 conspecti
371 3835 514 3897 adnebus
531 3832 661 3894 Gallicis
677 3832 859 3893 mulierculis
873 3842 969 3906 erant,
986 3854 1066 3916 quoe,
1095 3859 1154 3910 w,
1165 3861 1229 3916 Hbs.
1317 3897 1321 3902 ¹

117 3933 227 3994 lumine
240 3933 330 3995 etiam
343 3942 405 3995 tum
418 3933 539 4004 incerto,
548 3939 726 3993 conventum
736 3929 863 3990 vitantes
870 3929 909 3990 ad
919 3939 1068 3992 menstruo
1078 3939 1117 3975 Π·
1128 3931 1167 3978 ¹¹·

116 4052 170 4113 pro
189 4033 340 4094 exercitus
355 4030 450 4092 salute
463 4039 535 4090 vota
552 4025 693 4090 soluenda
710 4035 839 4088 montem
860 4011 1064 4088 escenderunt

117 4127 179 4189 Sed
193 4149 293 4210 pugna
299 4131 367 4209 Jam
379 4135 478 4208 coeptn
495 4127 525 4186 in
538 4133 669 4206 tempora
681 4121 877 4195 decurrentes,
890 4132 1005 4183 tantun
1018 4123 1065 4184 iu·
1092 4136 1204 4192 rmum.

115 4227 272 4306 gitivorum
288 4226 430 4288 exerciin
447 4225 566 4286 terroris
580 4221 752 4294 intulerunt,
772 4230 807 4282 ut
818 4220 916 4281 credes
928 4220 998 4281 inde
1010 4242 1063 4302 po-
1076 4218 1108 4253 ¹¹·
1119 4209 1145 4256 ⁴·
1156 4209 1181 4256 ⁷·

115 4325 184 4395 tius,
198 4343 288 4404 quam
301 4342 401 4406 pugne
420 4329 506 4382 esset.
547 4319 682 4398 'lligiuta
700 4319 830 4399 quinque
850 4316 945 4378 millia
966 4337 1061 4379 mme-
1089 4349 1145 4404 Lis.

114 4431 211 4482 turum
230 4441 299 4484 cum
322 4421 394 4503 ipsis
414 4419 541 4512 ducibus
559 4437 596 4478 eo
620 4415 721 4499 prelio
739 4413 913 4487 interlector
935 4425 1061 4498 receptu
1073 4414 1145 4498 012¹·
