3300 5225
381 578 486 628 ntum
511 577 662 630 uxxur.
683 574 1011 628 sursumsunt.

138 723 263 805 quiden
286 722 405 785 nobiles
426 721 507 783 band
523 722 655 785 more
675 720 853 805 proditionis
876 720 1087 815 srgrrebantur.

140 820 225 888 Quid
237 821 327 901 igitur
338 819 452 881 facturn
464 820 532 879 esti
572 818 787 898 cognatorum,
800 816 942 889 affinium,
956 817 1009 878 sed
1022 817 1090 899 plus

138 921 228 979 etiarn
245 937 349 978 eorunr
360 918 415 997 qui
426 916 532 977 eadera
548 917 579 977 iu
589 936 683 977 causa
692 925 772 985 nint,
785 916 918 997 potentu
931 916 961 974 iu
973 924 1089 975 tenurrn

138 1014 246 1085 valuit,
257 1022 293 1075 nt
303 1012 498 1075 omnisesde
511 1034 543 1074 re
555 1032 614 1075 non
627 1013 777 1093 inquisitio
788 1011 878 1072 ruodo
889 1020 1027 1083 cessaret,
1037 1012 1089 1073 sed

138 1112 229 1171 etiarn
250 1130 347 1171 senno
371 1111 593 1183 conticesceret,
612 1108 714 1191 reique
729 1110 874 1179 criminis,
897 1130 951 1189 pro
969 1110 1016 1169 iris
1036 1110 1089 1189 qui

138 1208 256 1269 iamt
272 1206 408 1278 indicati,
428 1208 527 1267 neseio
544 1208 597 1287 qni
616 1206 692 1267 viles
706 1207 858 1287 ignotique
880 1206 1100 1307 homunciones!

139 1304 256 1365 nornine
270 1303 439 1365 Mursormu
447 1302 653 1363 subderentur.

176 1409 208 1461 4.
229 1411 239 1435 ‘
250 1399 376 1461 Scilicet
383 1399 494 1481 aliquis
506 1400 598 1461 ullius
609 1400 736 1460 nominis
743 1400 860 1480 locique
871 1401 902 1459 iu
914 1399 1024 1461 Marsis
1032 1410 1089 1471 est,

137 1506 171 1559 rt
182 1496 266 1579 apud
277 1498 378 1558 bootes
388 1498 562 1579 explorator
580 1496 714 1567 idoneus,
731 1496 813 1579 apud
825 1516 895 1557 suos
906 1495 966 1559 fide
980 1496 1091 1575 diguus

137 1596 241 1657 heberi
257 1596 380 1667 debeat,
395 1598 450 1677 qui
468 1594 616 1655 Romanis
631 1594 665 1655 in
679 1596 786 1655 castris
800 1615 833 1655 se
853 1593 958 1654 saliere
973 1604 1088 1675 speret:

138 1694 190 1773 qui
205 1694 353 1753 nerninem
366 1696 396 1752 in
407 1702 495 1755 tenta
505 1692 695 1753 multitidine
703 1692 767 1771 iore
779 1701 874 1773 putet,
888 1712 975 1772 aquo
985 1710 1090 1770 eguus-

137 1793 178 1862 ci,
196 1790 392 1871 deprehendi,
406 1800 497 1871 atque
510 1789 636 1851 indic'ari
646 1791 761 1871 quenti
801 1788 862 1850 Sed
876 1791 952 1850 inter
964 1790 1091 1871 pabula-

116 1888 124 1903 ‘
137 1898 216 1949 tores
228 1888 388 1949 menna
429 1888 533 1949 Narro
544 1889 635 1967 igitur
646 1889 719 1949 mibi
731 1908 739 1947 ε
761 1887 950 1969 pabulatores
959 1889 1091 1968 ignotum

137 1988 379 2067 etprorniscuum
395 1987 426 2046 in
439 1988 542 2047 eastris
553 2006 645 2066 geniis
656 1986 746 2047 strnt'l
786 1986 840 2047 Au
853 2008 935 2057 vero,
948 1996 982 2047 ut
998 1986 1092 2069 impe·

1162 557 1250 627 445⁷

137 2085 228 2143 ratori
240 2085 337 2144 visarn
355 2094 414 2155 est,
434 2104 452 2144 e
471 2084 637 2163 legionibus
653 2093 686 2145 et
704 2084 824 2144 auxiliis
842 2084 953 2145 delecti
972 2083 1092 2154 milites,
1151 2088 1156 2097 ’

140 2182 258 2241 interim
277 2183 369 2243 etiarn
386 2190 459 2241 tote
473 2201 542 2241 earn
559 2182 652 2260 signis
668 2182 879 2245 eniscobortes
895 2182 1092 2247 emittuntur?

142 2277 205 2337 Fae
221 2288 323 2339 sutem
341 2278 453 2339 fuisse:
474 2278 548 2358 qnid
559 2299 630 2339 vero
643 2278 689 2337 illi
701 2278 870 2360 explorent,
883 2280 939 2338 nisi
950 2298 1019 2360 quoe
1032 2300 1092 2341 non

139 2374 269 2457 amplius
280 2378 311 2435 in
325 2385 438 2437 secreto
449 2376 619 2437 habentur?
633 2438 642 2452 ,
660 2375 727 2437 Hic
739 2386 839 2437 antem
853 2396 910 2437 non
924 2375 1013 2436 modo
1024 2396 1092 2457 quae

138 2472 240 2553 palam
260 2472 373 2533 iecerat
391 2472 587 2553 edixerstque
603 2472 718 2543 consul,
733 2473 786 2533 sed
802 2472 939 2533 consulta
951 2476 1017 2553 ejus
1028 2493 1092 2533 om·

137 2573 198 2643 nis,
210 2590 281 2653 quse
298 2570 388 2632 niodo
400 2591 470 2632 coru
488 2570 592 2653 paucis
608 2571 867 2643 communicasset,
885 2579 916 2631 et
937 2590 1092 2653 propemo-

136 2669 208 2731 du'rn
220 2670 356 2749 cogitata
366 2671 606 2730 enuntiabsntur.
648 2667 762 2730 muna
776 2670 885 2730 cestris
901 2654 1093 2730 constituerat

136 2787 265 2849 capere:
287 2787 358 2827 mox
371 2767 449 2830 vidit
459 2776 639 2849 preceptum
649 2767 689 2827 ab
702 2766 800 2827 italisss
828 2767 979 2828 Teutabst
991 2785 1091 2826 eorum

137 2865 298 2945 praidia3
319 2867 457 2927 tentabat
473 2865 604 2947 oppida;
626 2865 678 2924 ubi
693 2865 812 2924 minime
829 2864 972 2925 credebat
990 2866 1093 2924 existi·

137 2973 268 3023 nisurus
293 2963 404 3033 hostes,
422 2963 517 3023 (labet
537 2963 702 3044 impeturn:
729 2965 830 3047 omnia
853 2972 916 3022 turn
940 2973 1092 3035 securem,

136 3071 258 3142 tamque
266 3061 378 3121 receuti
390 3079 464 3120 cura
475 3069 561 3142 septa
570 3061 748 3142 reperiebat,
762 3081 852 3140 quam
862 3060 887 3120 si
897 3061 935 3121 de
949 3061 1093 3122 industria

137 3159 270 3220 hostibus
282 3159 311 3217 in
324 3179 394 3217 euru
407 3158 505 3218 locutu
518 3149 710 3218 condixbsee

176 3265 207 3317 5.
229 3257 295 3316 ‘Et
316 3267 416 3315 nmen
444 3257 475 3315 hi
496 3277 549 3337 pro
569 3257 779 3316 innocentibus
801 3255 970 3316 lsudsntur.
1013 3256 1092 3323 Quis

136 3355 215 3414 euim
229 3373 360 3433 nuquam
373 3354 430 3412 bac
443 3353 509 3431 lege
519 3363 582 3412 tem
594 3363 705 3422 certus,
718 3357 858 3433 tamque¹
872 3353 1024 3414 evidenter
1037 3374 1090 3413 uo·

135 3473 205 3512 cens
216 3449 384 3532 postulatus
395 3471 463 3511 reus
474 3460 531 3522 est,
545 3459 647 3510 utnon
657 3449 697 3508 eb
710 3449 814 3510 iisdem
828 3450 996 3509 bominibus
1008 3471 1090 3511 acer·

136 3550 208 3608 rirne
226 3547 456 3608 defenderetur?
486 3547 540 3607 Au
561 3548 650 3626 igitur
669 3545 733 3607 fieri
753 3547 829 3608 citra
848 3547 1012 3629 perieulum
1027 3569 1090 3608 ves-

135 3656 213 3705 trurn
225 3655 259 3706 et
275 3647 407 3706 civitub
418 3655 528 3727 potest,
541 3645 688 3717 Quirites,
701 3654 736 3705 nt
746 3647 923 3726 cujusquam
935 3646 1026 3717 salus,
1040 3657 1092 3706 eut

136 3745 227 3824 bnjns
234 3745 350 3825 imperii
364 3747 506 3824 majestas
516 3753 597 3804 sarta
609 3752 749 3824 tectaque
760 3744 831 3814 sint,
844 3742 938 3803 donee
951 3743 982 3802 bi
996 3745 1102 3804 homi·'

136 3863 199 3914 nes,
221 3862 280 3901 non
292 3842 393 3902 dicam
402 3843 435 3901 iu
453 3843 525 3902 urbe
540 3849 651 3913 vestre,
668 3840 721 3901 sed
741 3842 772 3901 in
785 3842 914 3923 imperiis
925 3851 957 3902 et
968 3842 1092 3902 consilio

135 3939 259 4020 publico
279 3940 388 4000 eruntl
429 3939 478 3999 En
503 3940 611 4020 quibus
631 3939 802 4021 reipublice
822 3939 898 4012 iste,
917 3939 1092 4019 dignitatem
1146 3937 1176 3976 ·”

137 4037 269 4097 Romani
283 4039 418 4110 nominis,
436 4039 575 4098 nostrss²
595 4037 723 4119 denique
740 4047 960 4118 nostrorumque
983 4037 1092 4097 libero·

137 4155 201 4194 rum
224 4155 262 4196 ac
284 4138 444 4216 conjugum
462 4134 632 4208 faeulutcs,
653 4156 788 4217 corpora,
807 4136 1033 4216 libertatemque
1055 4155 1091 4196 ac
1205 4203 1210 4214 ,

138 4231 313 4311 pudicitiam
326 4233 498 4294 oredimus!
1033 4250 1036 4256 ·

358 4401 513 4466 traque·
523 4400 583 4452 edd.
598 4405 749 4454 antecrer.
899 4455 900 4460 χ

355 4471 374 4517 2
389 4469 483 4518 Nostra
493 4467 590 4532 legitnr
601 4469 627 4518 in
638 4467 699 4517 eoo.
710 4477 773 4520 ante
785 4467 863 4520 Cres.

203 4547 397 4613 nuperae.
410 4549 476 4598 cu..
641 4549 736 4600 ausu.
