3300 5225
886 584 922 635 ‘t'-
947 582 1045 635 Livii

568 744 658 808 quem
675 726 774 810 potius
790 726 821 787 in
842 727 970 806 gretiem
987 725 1180 807 singolorum,
1195 744 1286 807 quum
1302 724 1343 785 ob
1361 724 1524 787 utriitetem

568 824 720 907 publicem
732 844 825 885 esrem
838 824 977 887 loeutus?

609 928 661 987 1⁵.
680 921 843 983 Teoentem
865 930 934 1003 post
951 921 1009 981 iste
1025 920 1206 1002 Pompeium
1229 920 1273 980 A.
1295 918 1450 980 Gabinius
1472 917 1524 977 ιη’-

568 1020 666 1081 bunus
682 1018 778 1101 plebis
798 1018 999 1100 rieexoepit:
1019 1016 1126 1079 ‘Rern
1144 1016 1234 1098 ptsne
1249 1016 1371 1096 dignum
1392 1017 1526 1076 moribus

568 1117 629 1177 sois
645 1115 810 1197 Pompeius
825 1115 911 1187 fecit,
933 1115 1088 1196 imperium
1107 1113 1188 1194 quod
1206 1112 1328 1173 offermr
1347 1110 1525 1173 recusando.

569 1210 640 1275 Noc
652 1214 731 1274 enim
740 1214 811 1275 boni
822 1214 880 1275 riri
890 1221 1045 1273 ertomues
1054 1211 1217 1293 promiscue
1226 1212 1352 1272 honores
1365 1220 1525 1291 appetem

569 1330 624 1372 neo
639 1310 804 1392 prudentis,
822 1310 879 1371 nisi
891 1330 923 1370 re
935 1309 1027 1390 probe
1038 1309 1234 1379 considerate,
1251 1317 1342 1369 teutae
1358 1307 1451 1368 molis
1462 1328 1526 1367 sus-

567 1408 668 1489 cipere
689 1408 849 1486 negotium.
895 1404 994 1485 Igitur
1015 1406 1095 1466 inune
1117 1425 1174 1485 ego
1195 1403 1314 1485 quidem
1335 1404 1460 1464 minime
1480 1424 1525 1462 re·

510 1490 513 1503 ’
570 1504 730 1587 prehendo,
755 1504 912 1572 Quirites:
939 1522 994 1563 ros
1017 1503 1129 1575 hortor,
1154 1512 1190 1562 ut
1211 1503 1310 1583 potius
1332 1500 1373 1561 ed
1396 1521 1437 1561 ee
1459 1521 1526 1581 que

570 1600 690 1683 publice
715 1609 783 1661 snut
805 1602 903 1674 utilis,
924 1620 1015 1681 quem
1037 1620 1105 1681 que
1125 1600 1254 1679 grstioru
1274 1599 1426 1680 Pompeio
1446 1608 1525 1667 suut,

570 1698 744 1780 respicietis.

610 1802 660 1856 ro.
681 1794 787 1855 ‘Sene
805 1792 928 1855 indulsit
944 1794 999 1853 trini
1018 1794 1127 1876 petria,
1145 1792 1205 1854 Cn.
1222 1793 1365 1875 Pompei,
1383 1802 1431 1864 ut,
1454 1814 1525 1853 oon·

568 1890 649 1953 teoto
682 1891 881 1973 Hispaniensi
905 1890 997 1961 bello,
1024 1890 1158 1972 quietum
1182 1890 1370 1951 consuletum
1397 1910 1525 1969 egerem

569 1988 676 2049 deinde
681 1990 746 2068 jem
753 1990 872 2049 tertium
879 1989 910 2048 in
919 2007 1029 2049 ennum
1040 1986 1528 2068 noninridendoposttotishores

569 2087 631 2146 otio
643 2084 814 2147 retinereris.
855 2083 917 2146 Sed
930 2094 990 2145 ture
1001 2084 1131 2145 vicissim
1151 2083 1278 2153 virtutis,
1297 2092 1418 2163 trusoque
1432 2085 1527 2163 requi-

569 2184 641 2243 tetis
662 2194 718 2255 eet,
742 2193 777 2244 ut
798 2192 861 2243 tem
881 2182 1040 2261 benignum
1062 2190 1153 2261 etque
1175 2180 1376 2259 indulgentem
1399 2181 1527 2260 petriem
1628 2215 1629 2230 ι

529 2356 532 2361 ¹
569 2280 675 2341 iterum
688 2280 801 2352 eudim,
823 2299 881 2340 non
899 2279 939 2340 ed
958 2277 1128 2339 munstetitii
1140 2276 1295 2357 cujusdem
1308 2276 1384 2337 beili
1397 2278 1527 2347 iabores,

555 2378 678 2458 ,quibus
689 2386 720 2438 et
733 2378 785 2437 elii
801 2376 889 2437 multi
905 2396 992 2457 peres
1010 2394 1074 2436 esse
1095 2382 1229 2456 pomuut,
1245 2382 1454 2442 revocantem
1475 2372 1527 2433 sed
1628 2447 1629 2472 1

571 2474 611 2535 ed
623 2474 808 2536 liberendum
821 2472 901 2535 ieme
913 2472 1067 2555 populum,
1085 2470 1126 2533 ed
1137 2469 1351 2531 exsolvendum
1364 2471 1528 2549 ignominie
1628 2475 1629 2530 t

571 2572 735 2654 imperium,
762 2571 801 2634 ud
827 2572 941 2652 generis
965 2568 1088 2631 humeni
1113 2566 1321 2630 continendum
1347 2565 1526 2628 confirmen-

569 2667 697 2750 demque
710 2670 893 2739 sooietutem,
915 2686 983 2748 que
996 2667 1158 2748 piratarum
1171 2663 1299 2726 sudreie
1311 2663 1526 2746 propemodum
1628 2686 1629 2763 ι

569 2766 712 2826 convulso
724 2766 769 2825 his
783 2766 867 2825 ennis
878 2772 910 2824 et
922 2766 1086 2845 interrupte
1097 2771 1152 2822 est

609 2869 659 2926 17.
682 2873 690 2900 ‘
703 2861 814 2943 Neque
832 2861 959 2934 iebores,
972 2860 1157 2940 fructumque
1170 2859 1205 2920 iis
1217 2860 1348 2920 enimum
1359 2879 1526 2941 corpusque

569 2960 724 3041 objeceris.
767 2960 883 3039 Megne
894 2959 951 3020 itte
961 2958 1068 3038 glorie,
1081 2957 1122 3019 ed
1132 2977 1222 3038 quem
1235 2957 1361 3036 genitus,
1375 2977 1525 3037 quumque

499 3125 503 3142 Ι
569 3057 816 3136 prestantissima
828 3055 917 3116 sectis
927 3053 1055 3136 edeptus
1066 3075 1110 3126 er,
1123 3073 1219 3134 neque
1230 3053 1322 3133 queri
1335 3053 1400 3112 sine
1413 3053 1525 3124 labore,

569 3173 664 3234 neque
679 3155 846 3215 conservari
862 3161 970 3236 potest.
1013 3151 1112 3232 Igitur
1131 3151 1311 3232 exprobrare
1332 3169 1403 3233 qnae
1424 3149 1526 3210 teneris

570 3249 680 3331 populo
693 3249 836 3312 Romano
851 3250 933 3319 noti3
955 3269 992 3312 ue
1009 3251 1049 3310 eit
1062 3251 1091 3310 ei
1108 3267 1337 3310 commemorem
1349 3268 1438 3328 opus,
1456 3257 1526 3329 quot
1628 3274 1629 3307 t

568 3355 600 3407 et
612 3357 725 3428 quente
738 3349 777 3409 ib
787 3367 823 3410 eo
836 3349 994 3429 eooeperis.
1025 3345 1139 3428 Neque
1149 3347 1326 3428 persuaseris
1336 3347 1481 3427 cuiquem
1492 3367 1524 3408 er

569 3453 669 3517 etate,
690 3465 751 3525 que
767 3445 859 3524 vulgo
876 3446 1009 3505 homines
1027 3445 1134 3505 animis
1152 3443 1383 3524 oorporibusque
1397 3444 1523 3503 maxime

568 3540 670 3602 velere
683 3550 910 3613 oonsueverunt,
923 3551 954 3602 te
967 3541 1146 3620 singularem
1164 3539 1204 3600 ed
1221 3541 1322 3601 omnis
1337 3540 1438 3600 virum
1450 3559 1524 3599 mnr-

568 3657 696 3698 eesoere.
726 3637 964 3707 Quodsitemen
976 3657 1052 3697 unus
1063 3638 1108 3698 ite
1117 3637 1239 3697 fortem
1248 3637 1350 3708 sentis,
1363 3637 1430 3696 otio
1437 3635 1527 3696 debes

569 3733 650 3814 quod
663 3733 718 3795 iiie
729 3735 854 3816 pristine
865 3743 920 3794 tris
929 3733 1169 3813 virtusienguet:
1182 3752 1272 3813 quem
1283 3733 1356 3813 quis
1363 3731 1523 3814 deperdere

569 3851 683 3892 summe
695 3832 852 3894 oeternites
864 3841 895 3892 et
912 3831 968 3892 tibi
985 3830 1146 3900 videretur,
1158 3837 1191 3889 et
1202 3830 1351 3900 omuibus,
1363 3827 1523 3890 exeitsude

568 3927 625 3988 tibi
646 3931 770 4009 negotiis
785 3939 842 4001 est,
865 3927 954 3989 ieoile
974 3929 1130 4010 pristinum
1150 3935 1360 4009 recupereture
1380 3927 1522 4007 rigorem,

569 4025 621 4084 ubi
634 4023 725 4105 digne
733 4047 764 4086 se
775 4026 896 4106 negotis
904 4025 1036 4086 senserit.

609 4130 660 4184 18.
682 4133 691 4160 ‘
708 4123 770 4184 Sed
783 4123 835 4184 elii
852 4143 973 4204 quoque
990 4131 1070 4195 suut,
1093 4123 1200 4203 quibus
1217 4123 1276 4182 iste
1291 4130 1372 4182 reete
1389 4121 1524 4206 commit-
1628 4112 1629 4159 7

569 4221 688 4280 teuturi
720 4221 916 4301 Jemprimum
929 4241 949 4280 e
960 4229 990 4280 te
1003 4228 1085 4301 peto,
1101 4220 1244 4300 Pompei,
1260 4228 1295 4280 ut
1310 4218 1350 4278 de
1362 4227 1393 4278 te
1406 4219 1521 4298 tuisque

570 4315 707 4376 leudibus
718 4307 829 4398 populo
841 4317 940 4397 potius
952 4315 1093 4376 Romano
1102 4319 1255 4399 permittes
1261 4315 1422 4396 judicium,
1433 4333 1522 4394 qoem

569 4413 625 4473 tibi
638 4433 746 4474 sumus.
788 4413 872 4482 Quid
891 4414 921 4473 in
943 4433 1121 4495 unoquoque
1139 4414 1202 4495 spei
1219 4413 1329 4474 hebere
1342 4409 1522 4473 debeetres·
