3300 5225
343 552 467 617 'nrssr
494 564 674 618 nxxxrrr.
697 565 1023 619 surrneusnrurr.
1161 548 1252 633 4646,

133 712 236 774 itinere
248 728 382 792 pergens,
406 708 442 771 la.
457 708 616 771 Lucullum
636 726 705 771 cum
725 709 854 771 neribus
867 709 1029 793 moleri
1049 711 1089 775 sd

133 806 279 891 Abydum
287 807 388 886 jussit.
431 806 555 888 Quippe
570 801 722 877 Lucullus,
740 806 821 869 circe
838 806 952 869 lecton
963 807 1090 871 Trosdis

133 906 221 985 regiis
247 904 390 965 classibus
410 903 508 963 subito
533 922 655 964 occumu
681 902 856 985 profligetis,
875 903 984 965 deinde
1002 904 1089 965 Neo-
1100 910 1236 963 Pleume.

133 1002 266 1083 ptolemo
280 998 318 1060 cd
331 998 485 1061 Tenedum
498 999 612 1079 fugero,
626 996 754 1060 feliciter
768 999 807 1060 cd
822 999 940 1083 Syllam
953 1010 1089 1083 penetru-

133 1106 228 1159 verct.
271 1097 439 1178 Postquem
463 1096 493 1157 in
517 1094 754 1157 Chersonnesum
775 1098 924 1159 exercitus
943 1099 1089 1178 pervenit,

134 1192 264 1255 Lueulio
276 1202 372 1254 tutum
380 1192 534 1254 meusium
543 1202 575 1253 et
586 1210 677 1253 neves
684 1200 852 1273 praestcnte,
862 1194 903 1255 ed
915 1191 1091 1255 Dardanum

133 1289 263 1351 Troadis
277 1290 435 1351 Romanus
447 1290 599 1372 processit.
640 1289 755 1351 Eodem
767 1300 800 1353 et
820 1290 1091 1353 Mithridetescurn
1118 1302 1214 1369 ersytt.

135 1390 263 1451 nuriburt
272 1388 408 1450 ducentis
420 1388 552 1459 advenit,
568 1396 600 1449 et
614 1388 711 1467 grevis
720 1398 877 1449 armature
888 1388 991 1467 viginti
1003 1389 1092 1451 milii·

135 1489 203 1561 bus,
216 1468 272 1550 eei
288 1488 421 1549 millibus
433 1488 577 1569 equitum,
591 1492 757 1569 ms'gnoque
768 1506 907 1550 curruum
914 1488 1093 1551 selectorum

138 1606 271 1657 numero.
302 1584 391 1669 Sylla
401 1585 531 1667 lepores
544 1594 682 1667 quaeror,
695 1584 808 1667 equites
819 1574 965 1649 ducentos
975 1586 1092 1649 addux-

139 1693 215 1745 erut.

179 1786 231 1841 21.
254 1779 369 1840 Peucie
381 1778 527 1860 utrimque
537 1780 707 1851 comitibus,
716 1779 746 1841 in
755 1789 917 1863 conspectu
928 1788 1028 1841 temen
1039 1796 1093 1839 ex·
1106 1791 1213 1857 Appias.

137 1878 297 1948 ercituum,
319 1878 348 1936 in
372 1895 509 1956 csmpum
532 1864 685 1958 colloquio
709 1877 891 1939 destinctum
914 1876 1094 1959 prodierunt.

142 1974 234 2035 Prior
247 1972 448 2045 Mitbridetes,
458 1992 528 2033 cum
544 1975 675 2036 venienti
683 1974 783 2057 'Syllrc
792 1996 949 2037 oecurrens
959 1974 1096 2035 dextrum
1107 1988 1174 2039 Pleu

143 2072 315 2151 porrigeret,
327 2070 520 2149 interrogetur
530 2070 568 2131 eb
577 2069 630 2132 iilo
639 2080 694 2143 est,
705 2080 715 2109 ‘
728 2072 911 2153 positrrrusue
918 2079 1098 2142 ermeesset,

142 2168 251 2249 quibus
270 2166 489 2229 conditionibus
501 2166 671 2231 Archelaus
690 2170 890 2251 pepigisseti'
917 2168 1038 2240 deinde,
1057 2170 1099 2227 ei·

143 2265 224 2327 iente
238 2274 338 2344 rege,‘
354 2264 453 2345 Atqui
465 2264 685 2347 deprecantium
697 2268 763 2340 cst,’
777 2267 885 2348 inquit,
898 2275 908 2304 ‘
923 2268 1020 2347 priore
1033 2265 1100 2326 loco

143 2362 245 2423 dieere
257 2381 266 2421 z
288 2361 451 2423 victoribus
463 2360 512 2423 rei
532 2370 631 2425 tacere
643 2365 716 2425 setis
727 2364 791 2425 est'
834 2362 885 2425 Ibi
898 2362 1100 2433 Mithridetes,

145 2460 272 2542 repetite
284 2458 377 2539 putris
388 2477 502 2538 sueque
514 2478 582 2520 cum
595 2456 742 2521 Romanis
759 2460 901 2534 amicitie,
913 2479 1005 2541 quem
1018 2458 1101 2519 Deo-
1112 2468 1221 2535 Appia.

146 2578 210 2620 rum
221 2554 362 2638 quedem
374 2555 489 2618 invidie
501 2556 557 2618 sibi
571 2544 719 2640 proprium
733 2568 964 2642 perpetuumque
971 2576 1036 2618 esse
1047 2576 1101 2618 no-
1111 2568 1179 2619 Pter.

146 2656 269 2724 luisset3
306 2653 345 2716 ed
371 2655 589 2716 accusationem
620 2653 784 2734 legetorum
808 2655 978 2736 ducumque
1002 2655 1101 2726 vertit,

148 2755 224 2834 ‘qui
249 2751 342 2814 multe
363 2770 432 2813 oum
455 2751 564 2830 injurie
579 2772 635 2812 sue
656 2751 882 2834 (ieppedocicm
903 2752 1102 2813 Ariobarzani
1114 2770 1221 2837 Apptm.

147 2850 365 2917 reddidissent;
387 2848 445 2908 sibi
459 2848 638 2910 cdemiseeut
650 2849 835 2932 Phrygium
857 2848 1036 2911 Nicomedis
1046 2849 1103 2910 ini·

147 2949 216 3029 quis
227 2947 385 3008 conatibus
397 2946 559 3008 sevissent'
1091 3017 1096 3025 ¹

190 3051 241 3106 22.
263 3044 368 3110 ‘Quae
389 3044 510 3116 omniu}
537 3045 643 3125 inquit,
671 3042 760 3106 ‘sols
784 3042 919 3125 pecunie
939 3040 1105 3122 cupiditate

150 3143 269 3204 suntab
283 3141 353 3223 ipsis
364 3141 456 3212 iectu,
470 3161 560 3222 quem
573 3161 687 3224 semper
700 3151 753 3208 eut
762 3162 782 3203 e
793 3161 853 3212 me,
864 3149 918 3202 cut
926 3140 967 3200 sb
979 3138 1108 3200 inimicis

152 3243 227 3302 meis
248 3240 443 3322 accipiebant.
485 3240 565 3308 Quae
579 3239 720 3322 vequidem
742 3259 799 3312 res,
821 3239 847 3300 si
867 3257 929 3318 qus
949 3236 1022 3308 elie,
1036 3238 1107 3316 jure

153 3339 318 3418 meritoque
330 3337 361 3396 in
380 3337 465 3398 vobis
477 3339 617 3417 arguitur,
637 3335 782 3409 Romani,
796 3334 877 3416 quod
889 3333 966 3396 teies
976 3332 1107 3415 plerum·

153 3451 214 3518 que
228 3435 420 3516 imperotores
435 3435 579 3507 emittitis,
600 3437 652 3517 qui
672 3433 746 3496 nihii
768 3432 875 3496 melius
886 3441 941 3492 eut
959 3429 1109 3511 antiquius

154 3556 218 3596 esse
237 3531 320 3590 lucro
340 3539 454 3612 putent
496 3529 551 3591 Ab
572 3531 618 3592 his
636 3540 758 3593 coectus
775 3549 860 3590 orme
880 3527 981 3589 indui:
1001 3547 1070 3608 qum
1082 3526 1109 3585 ei
1219 3582 1224 3596 ,

156 3652 218 3713 que
225 3641 310 3712 perte
320 3633 407 3694 robis
413 3630 562 3690 infestiore
569 3647 659 3709 quem
665 3626 832 3688 voluissetis
837 3625 970 3696 fuerunt,
980 3623 1012 3684 id
1024 3643 1109 3684 omne

157 3749 217 3790 non
232 3730 330 3790 enimc
349 3749 427 3800 meo,
441 3727 492 3808 qui
509 3725 581 3786 dum
603 3725 688 3786 licuit
707 3724 840 3785 Romani
861 3723 989 3783 neminie
1009 3731 1110 3780 emtus

158 3815 353 3907 reverensque
365 3826 433 3898 tui,³
447 3823 502 3885 sed
513 3823 679 3885 necessitati
692 3821 831 3902 imputeri
844 3837 962 3900 equum
974 3819 1039 3878 est'

193 3929 244 3984 2³.
253 3922 308 3983 Ad
317 3924 381 3984 hoec
395 3921 498 4003 Sylla:
513 3919 623 3988 ‘Quod
636 3919 675 3980 eb
687 3917 754 3980 eliis
772 3917 887 3997 occepi,
900 3925 931 3976 te
943 3933 1007 3974 esee
1018 3911 1110 3971 diser·
1121 3919 1189 3972 Plus.

158 4021 316 4092 timimum,
331 4019 360 4079 id
374 4039 452 4080 nunc
464 4035 563 4088 ocrem
583 4016 728 4098 experior,
741 4033 809 4074 cum
822 4013 853 4072 in
866 4010 955 4072 sectis
966 4007 1111 4070 atrocissi-

161 4118 219 4178 mis
229 4117 364 4198 speciose
373 4117 428 4178 tibi
439 4135 496 4176 nou
510 4113 593 4174 deest
604 4112 710 4174 cretio.
752 4109 814 4170 Sed
826 4125 998 4189 quenquam
1011 4125 1070 4165 non
1082 4106 1112 4165 in
1124 4117 1233 4184 Apptm.

161 4215 220 4275 boc
229 4215 432 4283 convenimus,
445 4221 481 4273 ut
490 4211 721 4292 disceptaremus
733 4203 955 4275 controversias,
968 4221 1069 4264 rerum
1080 4211 1114 4260 ut

163 4310 244 4391 leges
265 4311 470 4392 pctitae,pacis
488 4306 635 4390 impleres,
648 4327 706 4366 non
727 4301 987 4384 greveborpeucis
997 4318 1114 4378 reupon-

164 4407 244 4470 dere.
287 4405 336 4468 De
351 4405 546 4488 Cuppedocie
564 4424 621 4466 nou
636 4413 712 4472 eret,
726 4411 760 4462 ut
771 4398 941 4480 absentibus
957 4395 1115 4457 inclemen-

317 4539 346 4586 ·t
365 4535 424 4586 Fuit
436 4535 531 4601 pressi
543 4533 682 4586 exhibetur
693 4532 719 4581 iu
730 4529 790 4582 edd.
801 4536 863 4580 sntc
875 4527 953 4578 Cres.
