3300 5225
396 558 503 607 nrnnr
530 558 675 607 cxxxi.
697 558 1021 614 sunnnuunuruu.
1145 564 1150 575 ·
1184 544 1273 611 4607

154 722 210 761 nus
222 701 306 763 mille
319 701 447 787 deaariis
465 703 690 763 aestimabatur.⁴¹
717 701 830 785 Neque
838 704 900 763 hoc
914 702 1110 768 uictimimum
1122 712 1255 765 PlctDio.

133 800 348 882 ⁸pereuntibus
359 808 435 871 erat,
448 799 501 861 sed
515 798 595 879 quod
615 809 759 881 tyrannus
778 798 913 860 Aristion
932 782 962 865 in
982 820 1019 860 ea
1032 800 1109 880 pub·
1186 836 1190 842 ·
1313 787 1316 808 ’

152 896 214 957 lica
238 898 364 979 penuria
393 897 527 978 quotidie
551 918 619 958 cum
642 898 703 958 suis
731 898 953 978 computoribus
976 888 1110 957 hilariter

152 994 351 1076 epulabatur:
374 1015 428 1055 nec
441 995 529 1055 modo
548 996 719 1057 fatiscentes
738 995 942 1075 inediacives,
955 994 1111 1055 sedetiam

153 1094 323 1154 extinctum
346 1091 405 1153 olei
431 1094 533 1175 inopia
560 1094 707 1155 Minervae
733 1114 848 1153 sacrum
871 1093 968 1171 ignem
994 1092 1025 1152 in
1050 1092 1110 1153 levi

120 1180 123 1185 ⁵
153 1191 297 1271 ponebat.
340 1190 586 1274 Hierophontidi,
610 1210 730 1251 summae
751 1210 788 1251 ee
809 1190 960 1269 religionis
981 1189 1012 1249 in
1037 1192 1110 1251 urbe

153 1288 295 1349 sacerdos
313 1298 388 1360 erat,
407 1290 575 1349 heminam²
587 1290 678 1350 tritici
696 1290 821 1371 petenti,
835 1288 983 1348 heminam
1001 1289 1111 1368 piperis

152 1386 246 1445 misit.
283 1385 397 1445 Urbem
411 1386 454 1447 ita
467 1386 607 1447 allectam
621 1384 709 1466 Sylla
721 1394 824 1445 nactus
838 1384 972 1466 protinus
983 1384 1110 1445 circum·

152 1482 269 1543 valla're
282 1482 418 1554 instituit,
431 1504 469 1543 ne
482 1484 639 1564 quisquam
650 1482 719 1543 inde
732 1483 858 1545 evadere
871 1491 978 1567 posset.

194 1586 247 1641 29.
271 1580 392 1645 Interea
413 1600 493 1663 sape
516 1588 636 1659 rogatus
658 1581 697 1639 ab
717 1578 954 1640 Atheniensibus
982 1576 1110 1648 Aristio,

153 1700 223 1743 cum
237 1679 289 1739 diu
300 1680 477 1759 negavisset,
497 1677 588 1738 semel
601 1678 692 1737 etiam
704 1676 910 1759 supplicantes
927 1676 955 1740 ei
975 1696 1045 1737 curn
1063 1696 1110 1736 se-

153 1779 309 1837 natoribus
321 1776 488 1838 sacerdotes
496 1777 613 1855 sagittis
623 1776 779 1855 abegisset,
788 1774 908 1835 tandem
919 1772 1110 1835 familiarium

154 1874 272 1955 aliquot
284 1874 324 1934 ad
341 1875 468 1956 Syllam·
477 1883 608 1935 oratores
620 1874 659 1934 de
672 1893 747 1954 pace
760 1874 849 1933 misit.
890 1871 940 1931 At
952 1870 997 1930 illi
1016 1868 1110 1931 scele-
1122 1885 1190 1937 Ptnt

154 1975 238 2033 ribus
247 1982 279 2033 et
291 1972 414 2054 crapula
425 1972 577 2043 vecordes,
588 1970 697 2031 stolida
709 1980 741 2031 et
753 1970 872 2029 minime
886 1966 1112 2030 accommodata

65 2112 69 2129 .
154 2071 343 2150 temporibus
352 2070 496 2141 oratione,
517 2069 591 2131 nihil
605 2068 686 2149 quod
707 2088 835 2150 praesens
853 2088 923 2128 usus
935 2064 1110 2147 postularet,

153 2166 208 2227 sed
231 2176 334 2227 vetera
356 2167 437 2227 urbis
459 2166 579 2236 decora,
605 2165 792 2245 Theseusque
821 2164 1057 2244 Eumolposque,
1081 2171 1112 2222 et

154 2264 636 2347 Medicatropaeapraedioabant.
1213 2252 1221 2279 ‘

196 2370 248 2423 30.
270 2374 279 2398 ⁶
293 2361 404 2443 Neque
417 2364 474 2423 tihi
487 2362 628 2423 decorum
641 2361 752 2431 luerit,'
770 2362 903 2433 aiebant,
917 2374 926 2399 ‘
939 2348 1110 2445 impeiator‚
1122 2376 1187 2429 Pht
1195 2376 1265 2425 Men.

155 2481 254 2542 neque
275 2470 382 2532 tutum,
405 2480 471 2521 eam
489 2460 636 2521 excidisse
660 2461 776 2533 urbem,
796 2460 826 2519 in
846 2480 936 2540 quam
957 2460 1112 2542 singrrlaris

155 2560 292 2621 Deorum
313 2558 399 2620 lavor
414 2578 530 2641 semper
546 2558 665 2620 extitit:
688 2558 764 2619 adeo
782 2557 914 2639 quidem,
927 2568 962 2620 ut
983 2568 1015 2620 et
1033 2561 1112 2622 hanc

155 2659 309 2739 praecipua
330 2657 538 2718 benevolentia
558 2677 673 2738 semper
692 2655 978 2736 complecterentur;
1000 2667 1032 2717 et
1044 2658 1112 2718 inde

155 2756 341 2836 potissimum
362 2755 392 2814 in
411 2763 525 2814 ceteras
543 2761 646 2830 gentes
662 2772 799 2812 emanare
813 2751 960 2814 beneficia
976 2773 1031 2814 sua
1047 2754 1112 2816 vel-

155 2853 228 2912 lent
248 2850 320 2910 Jam
333 2871 353 2912 a
366 2851 513 2932 principio
522 2871 591 2910 cum
605 2850 670 2911 urbi
684 2869 791 2910 nomen
802 2858 879 2909 esset
892 2849 1111 2931 imponendum,
1140 2877 1201 2927 Ver.
1212 2893 1253 2943 sp.
1309 2906 1311 2911 .

155 2950 234 3010 duos
256 2948 296 3008 de
309 2946 506 3018 Consentibus
525 2946 563 3007 de
584 2948 642 3008 hoo
660 2946 769 3007 honore
785 2947 944 3006 certavisse
957 2949 1029 3007 satis
1040 2969 1111 3008 con-
1124 2943 1189 3020 ‘13¹⁸-
1202 2942 1238 3020 ὼ,

155 3055 233 3106 stat:
255 3054 287 3106 et
300 3064 368 3105 cum
381 3043 486 3130 oleam
500 3042 648 3116 Minerva,
671 3041 835 3124 Neptunus
850 3064 961 3124 equum
981 3043 1111 3125 produx-
1123 3007 1275 3123 cbiffi„

155 3144 236 3212 isset,
267 3143 349 3224 pacis
373 3159 459 3202 omen
486 3139 708 3220 praeferentibus
736 3139 814 3211 Diis,
841 3159 966 3220 quorum
990 3141 1112 3202 arbitrio
1123 3142 1276 3192 ‘mml-

110 3304 115 3313 ,
154 3237 372 3299 commissalia
392 3237 501 3308 luerat,
526 3236 630 3298 vicima
652 3235 826 3306 Palladem,
846 3256 938 3317 quam
957 3236 1111 3298 Athenam
1210 3295 1215 3306 ,

154 3354 310 3406 vocamus,
330 3333 427 3414 deque
449 3333 537 3413 hujus
556 3333 704 3394 vocabulo
726 3332 876 3414 appellari
898 3333 1036 3392 Athenae
1052 3355 1111 3394 οω-

154 3452 246 3512 pisse.

195 3536 247 3588 31.
270 3525 345 3586 ‘Ita
365 3534 484 3606 propter
504 3545 568 3596 nos,
583 3534 614 3584 et
631 3545 753 3605 equum,
772 3534 834 3584 tom
855 3525 1111 3588 accommodatum

155 3626 258 3686 risibus
278 3623 414 3683 humanis
433 3619 556 3693 animal,
573 3621 726 3692 etoleam,
747 3622 796 3714 cui
820 3621 952 3703 praeferri
973 3625 1111 3684 arborum

155 3721 241 3782 nulla
249 3723 321 3802 jure
334 3727 441 3800 potest,
454 3719 519 3778 vita
531 3718 657 3798 accepit.
690 3715 847 3798 Duratque
861 3718 1018 3780 illaetiam
1031 3739 1110 3780 nunc
1140 3737 1234 3787 ciens

155 3829 237 3880 certo
254 3816 422 3878 divinitatis
439 3822 624 3894 argumento,
643 3822 685 3885 et,
709 3833 784 3894 quos
804 3814 995 3896 praeferimus,
1014 3835 1111 3876 ramos
1122 3803 1184 3866 ¹²²8·
1196 3820 1215 3854 ¹·
1227 3807 1251 3852 ¹·

156 3915 224 3976 inde
237 3915 448 3994 decerpsimus.
490 3910 552 3972 Sed
564 3920 596 3970 et
609 3909 728 3972 Cereris
741 3931 858 3982 munus,
876 3911 1111 3994 Triptolemique

156 4033 286 4084 currum,
300 4021 332 4072 et
343 4011 413 4070 hino
426 4009 466 4070 ad
479 4007 555 4070 alias
575 4019 669 4070 terres
688 4017 850 4090 exportata
866 4003 983 4088 frugum
998 4011 1113 4069 semina
1140 4019 1275 4068 oviante-

1124 4089 1274 4134 tam.r.ttlb.
1327 4125 1331 4130 .

187 4231 199 4264 ‘¹
219 4227 535 4280 tumst...um
549 4226 616 4276 stille
651 4224 768 4289 pondere
781 4229 823 4276 m.
833 4239 935 4275 marcac
946 4225 1047 4287 amenti
1059 4225 1112 4275 Pa-

154 4293 448 4358 momumento]
465 4291 616 4342 Medimnnr
651 4291 784 4348 notenses,
796 4291 884 4341 unctus
895 4295 923 4340 t.
941 4291 1014 4341 creo.

155 4377 203 4424 par
219 4367 280 4411 erat
292 4359 383 4408 modiis
394 4357 553 4408 nostratibus
567 4371 617 4407 nm·
684 4355 856 4421 ‘HeminonJ
874 4355 934 4406 Vid.
955 4363 1012 4406 not.
1032 4355 1064 4405 td
1086 4369 1111 4405 c.

155 4428 266 4492 ptiust.
293 4425 370 4475 Mille
389 4421 492 4474 denarii
513 4429 618 4488 aequant
653 4425 695 4473 2².
707 4435 796 4487 supra.
815 4421 887 4471 Cres.
