3300 5225
486 1056 1438 1201 SUPP'LEMENTUM.

782 1352 921 1420 LIBRI
954 1350 1135 1421 LXXIV.

744 1570 1186 1650 lllSTORlARUM

522 1900 532 1909 ‚
588 1792 650 1885 T.
695 1794 890 1887 LIVII
946 1796 1333 1889 PATAVINI.

576 2361 607 2416 1.
628 2326 855 2419 lucinum
868 2366 967 2420 temen
979 2380 1129 2439 emergere
1142 2360 1245 2442 populi
1256 2358 1387 2421 Romeni
1399 2358 1532 2428 lortune,

577 2463 609 2514 et
621 2454 774 2536 pristinem
786 2458 903 2537 irnperii
914 2468 1057 2519 esserum
1069 2459 1158 2519 ermis
1170 2462 1357 2539 mejeststern
1375 2456 1534 2517 rebellium

414 2558 522 2627 Apptse.
577 2553 694 2614 ssncire
717 2553 880 2636 suppliciis.
935 2554 1078 2618 Picentes
1102 2557 1132 2616 in
1160 2555 1299 2617 Firmene
1328 2553 1446 2617 colonie
1472 2555 1534 2616 Cn.

431 2657 558 2724 Liesspit
579 2649 761 2733 Pompeium
773 2653 905 2714 Afranio
918 2653 995 2716 duee
1007 2654 1193 2716 obsidebant.
1235 2653 1433 2716 Commodum
1453 2654 1535 2714 ecci-

344 2763 349 2770 ·
415 2737 526 2853 2¹13·
579 2747 676 2822 deret,
701 2758 737 2810 ut
756 2749 822 2811 Ser.
847 2749 983 2833 Sulpicio
1004 2750 1076 2812 lirsis
1096 2749 1235 2832 Pelignis
1256 2753 1350 2812 otium
1371 2759 1459 2820 emet,
1482 2750 1535 2808 ubi

580 2849 679 2926 mejus
690 2865 788 2929 opere
801 2848 927 2929 pretium
940 2841 1040 2910 secere
1053 2859 1165 2932 posset,
1173 2869 1257 2910 uma
1266 2849 1410 2911 vertendi.
1440 2847 1537 2909 Hunc

582 2944 635 3003 ubi
657 2944 697 3005 ed
713 2965 746 3005 se
766 2953 922 3006 ventomm
944 2967 1008 3008 esse
1026 2946 1192 3028 Pompeius
1205 2945 1366 3018 intellexit,
1380 2965 1433 3028 per
1445 2947 1538 3006 inter-

583 3042 704 3104 nuntios
715 3043 760 3102 ite
770 3062 839 3102 curn
850 3063 887 3104 eo
899 3045 1106 3116 constituunt
1117 3044 1200 3105 dicto
1209 3053 1354 3126 ternpoee‚
1362 3044 1434 3104 dum
1441 3042 1539 3106 Pom-

584 3139 670 3220 peius
680 3141 835 3222 emptione
847 3140 930 3202 lecte
938 3141 1052 3203 detinet
1061 3143 1187 3216 hostem,
1199 3143 1325 3204 eundem
1339 3161 1358 3203 s
1371 3151 1455 3221 tergo
1469 3139 1540 3201 Sul·
1610 3128 1617 3150 ⁸

587 3237 682 3318 picius
698 3237 898 3318 aggredietur.

628 3340 658 3395 2.
680 3333 757 3395 Non
770 3335 944 3417 prudentius
959 3333 1094 3408 consilio,
1107 3355 1199 3417 quern
1209 3333 1328 3398 felicius
1339 3343 1448 3396 evento
1461 3353 1543 3416 eoep-

587 3440 653 3490 turn
674 3430 741 3492 luit.
788 3431 868 3494 Cum
889 3433 969 3494 enirn
989 3432 1134 3494 Picentes
1156 3451 1249 3493 novos
1268 3432 1298 3493 in
1322 3432 1407 3493 hoste
1427 3431 1545 3492 enimes

590 3528 699 3600 mirati,
713 3527 752 3590 ed
769 3529 958 3610 repellendos
978 3531 1058 3590 intre
1074 3530 1181 3590 moenie
1199 3527 1355 3590 Romanos
1370 3529 1544 3590 contemtio:

591 3635 799 3706 properarent3
821 3627 934 3706 ingenti
950 3635 1052 3686 coorto
1072 3626 1356 3698 certaminum
1372 3645 1442 3687 cum
1460 3623 1545 3686 nulle

592 3729 646 3780 eut
663 3721 796 3782 invelido
813 3721 951 3804 praesidic
962 3722 1068 3784 relicte
1080 3720 1233 3803 Sulpicius
1244 3722 1431 3803 expugnavit
1443 3723 1546 3782 incen-

593 3816 706 3898 ditque.
748 3817 846 3879 Simul
864 3816 978 3879 clemor
998 3838 1084 3879 eures
1103 3819 1246 3892 omnium,
1266 3818 1354 3878 nul
1371 3827 1549 3900 conspectu

593 3913 761 3974 sedentium
792 3926 958 3977 castrorum
983 3915 1087 3978 oculos
1115 3915 1298 3998 percnleret:
1329 3935 1459 3997 cumque
1484 3925 1548 3976 tem

595 4011 693 4072 vicino
711 4011 839 4073 hostium
862 4013 923 4075 elio
946 4015 1094 4085 exercitu,
1123 4033 1180 4074 non
1211 4014 1348 4076 treletitii
1371 4013 1551 4074 discriminis

596 4127 643 4168 res
654 4119 743 4180 esset,
755 4119 787 4170 et
802 4113 903 4171 omnie
921 4111 1020 4172 edituo
1034 4114 1152 4191 mejore
1163 4131 1234 4172 vern
1246 4131 1352 4192 repens
1363 4121 1455 4172 terror
1467 4109 1550 4170 leoe-

596 4215 659 4277 ret;
680 4204 795 4267 nullum
817 4205 897 4268 ultre
917 4207 1065 4290 prelium,
1084 4207 1138 4269 sed
1162 4208 1235 4288 luge
1256 4218 1373 4271 tentu-
1395 4216 1427 4268 et
1451 4206 1553 4268 cedes

597 4299 667 4372 luit,
680 4303 783 4382 utique
796 4313 953 4385 postquem
967 4303 1123 4378 Attalus,
1136 4305 1240 4366 sistere
1259 4323 1328 4366 suns
1339 4303 1448 4366 treus
1459 4323 1551 4365 eons-

599 4399 1032 4480 tus,pugnendooccubueret.
1436 4429 1439 4434 ·

501 4535 511 4602 .‘
525 4535 538 4599 r'
