3300 5225
389 592 492 643 blBRl
519 592 662 645 txxtx.
686 592 1011 645 suueuuuuuuutt.

128 740 319 817 quocumque
330 734 509 809 advenisset,
522 737 578 798 teli
591 737 682 799 ierme
695 738 829 799 oratione
838 734 925 799 usus:
948 747 957 776 ‘
970 737 1088 799 Consu·

128 832 191 893 lem
205 832 309 915 populi
323 832 467 906 Romani,
480 855 519 895 an
531 855 603 896 vero
614 835 735 897 exulem
748 835 788 897 ad
802 856 854 897 vos
866 836 981 896 venisse
1002 844 1088 916 pute·

127 932 180 1002 tis,
201 933 335 1001 interest,
354 933 444 992 cives.
488 931 580 993 Illum
604 932 675 993 mibi
695 933 837 994 bonorem
862 932 962 995 libera.
979 932 1089 993 civium

127 1030 274 1109 suffragia
287 1029 450 1090 dederunt:
473 1030 551 1091 benc
565 1028 713 1091 fortunam
733 1040 840 1112 ceptus
854 1030 1089 1091 adversariorum

128 1128 270 1208 potentie·
280 1136 398 1188 senatus
412 1127 560 1209 imposuit.
604 1125 683 1188 Cum
701 1135 769 1190 utre
781 1138 866 1209 parte
877 1148 932 1190 vos
941 1128 1089 1200 sentiatis,

128 1226 252 1285 tametsi
264 1224 401 1285 dubitare
415 1246 474 1285 non
486 1224 623 1296 debeam,
637 1224 718 1285 malo
730 1233 829 1285 temen
843 1246 882 1285 ex
895 1224 980 1286 vobis
987 1241 1090 1287 coram

126 1340 318 1401 cognoscere.
361 1321 441 1382 Mihi
453 1341 524 1381 saue
537 1341 616 1395 curm
628 1322 769 1403 cordique
782 1322 851 1395 init,
869 1330 904 1383 ut
924 1342 993 1403 quae
1005 1322 1092 1382 vobis

126 1437 275 1479 concessa
286 1418 417 1499 dataque
430 1418 539 1479 dicitur
557 1420 675 1491 civitas,
697 1422 762 1500 ejus
777 1422 848 1499 jure
867 1418 1089 1499 commodisque

125 1536 202 1577 vere
214 1516 394 1579 frueremini.
436 1516 548 1599 Neque
568 1518 717 1578 veteribus
728 1518 846 1579 civibus
864 1518 939 1579 meis
957 1515 1022 1589 lieri
1043 1518 1089 1577 in*

121 1614 240 1693 jurium
253 1616 350 1686 rebar,
372 1614 396 1675 si
416 1635 469 1696 per
489 1636 536 1675 me
549 1615 688 1676 effectum
702 1624 789 1687 esset,
803 1623 838 1675 ut
855 1614 1019 1686 vobiscum,
1032 1614 1090 1674 boc

126 1719 188 1782 est,
203 1730 272 1772 curn
285 1712 389 1773 amicis
402 1712 592 1795 cognatisque
615 1712 685 1785 suis,
706 1712 807 1774 stabili
828 1722 903 1795 pace
915 1720 1007 1793 etque
1018 1731 1090 1772 con·

125 1808 237 1883 cordia
255 1809 465 1871 coalescerent„

169 1914 203 1967 9.
226 1916 235 1943 ‘
252 1906 313 1968 Sed
326 1906 425 1967 videte
438 1917 551 1988 quauta
563 1908 603 1968 sit
610 1907 759 1969 bominum
773 1906 926 1989 iniquitas,
936 1915 968 1969 et
977 1914 1092 1986 quanta

127 2004 257 2066 invidie.
299 2004 429 2066 Nullum
443 2006 542 2087 potius
555 2005 708 2067 civitatem
720 2026 920 2087 enumquam
939 2004 1092 2065 vobiscum

126 2120 194 2161 esee
207 2122 393 2172 communem
416 2102 532 2164 volunt.
576 2102 664 2163 Idem
682 2102 734 2163 ille
754 2111 884 2173 senatus,
904 2104 992 2182 cujus
1013 2110 1092 2163 nunc

126 2218 237 2259 nomen
251 2200 463 2260 scelestissimis
476 2199 608 2261 consiliis
620 2200 829 2281 prescribitur,
839 2198 932 2281 paulo
944 2208 1013 2260 ente
1025 2218 1092 2259 sene

127 2306 221 2366 serat,
237 2316 297 2356 uon
312 2296 373 2357 alie
385 2298 500 2357 ratione
518 2297 638 2358 retineri
661 2298 825 2379 imperinm,
840 2296 942 2379 pacari
956 2294 1092 2367 Italiam)

126 2394 242 2454 servari
266 2393 382 2455 Urbem
404 2414 502 2475 posse,
519 2414 609 2475 quem
622 2394 647 2453 si
660 2392 823 2455 fidelissimi
843 2394 1002 2465 sociorum,
1019 2392 1093 2453 deta

126 2492 265 2564 civitate,
289 2492 320 2551 in
341 2491 465 2552 eandem
483 2512 604 2553 causam
624 2493 872 2574 pertraherentur.
914 2491 1014 2572 Atqui
1034 2490 1093 2552 boc

126 2589 298 2662 consilium,
312 2610 379 2652 cum
394 2610 453 2652 non
466 2590 595 2672 prudens
607 2590 696 2652 modo
707 2599 737 2653 et
749 2591 923 2662 humanum,
933 2588 988 2650 aed
1001 2589 1093 2651 etiarn

127 2686 202 2748 felix
215 2688 334 2761 fuisset,
353 2710 449 2770 eoque
461 2699 552 2771 paeto
565 2689 677 2750 sociale
690 2689 804 2750 bellum
817 2689 858 2750 ad
871 2696 975 2749 tenues
987 2686 1092 2749 reduc*

124 2793 190 2845 tum
203 2785 349 2867 reliquias
361 2795 454 2857 esset;
477 2786 605 2847 extitere
622 2795 734 2860 tamen,
749 2787 801 2869 qui
814 2806 867 2868 per
879 2803 1024 2846 summam
1037 2785 1093 2844 im·

126 2883 310 2963 probitatem
323 2885 443 2944 turbere
462 2884 628 2966 composita
647 2884 783 2957 mellent,
798 2902 890 2966 quem
908 2881 1004 2942 turbis
1015 2880 1093 2942 dosia

126 2979 267 3042 duratum
280 2981 333 3042 diu
348 2981 439 3044 finem
453 2983 616 3064 imponere.

172 3085 222 3140 1⁰.
245 3089 255 3116 ⁴
270 3079 368 3160 Igitur
380 3079 537 3161 quipaulo
550 3087 620 3140 ante
634 3074 811 3159 quibusdam
825 3074 944 3138 Italicis
956 3074 1096 3156 gentibus

126 3177 209 3238 male
222 3178 412 3248 resistebant,
435 3197 607 3258 quanquam
625 3175 722 3255 edjuti
736 3195 755 3234 a
767 3174 885 3245 ceteris,
899 3193 957 3234 ιιοιι
970 3172 1093 3254 quidem

126 3276 250 3357 penitus
263 3275 396 3356 quietam
408 3272 489 3335 domi
503 3270 730 3355 rempublicam,
743 3270 796 3331 sed
816 3280 915 3330 tamen
930 3267 1094 3330 tolerabili·

124 3385 176 3436 ter
195 3376 342 3454 agitatum
365 3373 521 3444 baberent,
543 3370 634 3432 iidem
647 3361 780 3430 nondum
793 3367 883 3450 plene
896 3367 1031 3427 extincto
1042 3387 1095 3428 ve·
1146 3403 1152 3411 -

124 3475 186 3534 teri
200 3472 294 3542 bello,
307 3491 418 3532 novum
436 3479 468 3531 et
486 3469 575 3531 civile
595 3477 721 3550 perant:
743 3486 832 3548 super
852 3466 963 3546 priores
985 3465 1095 3536 hostes,

125 3579 247 3652 purtem
268 3569 457 3650 antiquorum
469 3567 590 3639 civium,
604 3574 636 3628 et
648 3585 750 3625 omues
762 3583 814 3624 eos
825 3561 953 3644 populos
969 3581 1095 3642 qnorum

124 3667 246 3727 auxilio
260 3667 341 3748 prius
353 3669 398 3726 usi
410 3674 489 3740 sunt,
501 3663 688 3727 adversarios
700 3661 843 3722 babituri.

169 3773 222 3826 11.
245 3776 254 3802 ‘
271 3763 357 3825 Nam
371 3764 504 3845 prolecto
517 3773 571 3824 eut
584 3761 713 3842 graviter
726 3758 828 3831 fallor,
842 3757 930 3818 eutii
943 3775 1001 3817 ιιοιι
1014 3754 1097 3828 estis,

124 3865 184 3943 qui
198 3861 301 3922 deludi
324 3881 380 3922 vos
402 3860 516 3933 seratis,
538 3861 593 3921 sub
610 3869 673 3920 tam
693 3858 804 3939 iniquis
823 3865 855 3916 et
877 3853 1097 3934 impudentibus

121 3960 259 4019 dominis
289 3959 444 4040 pristinum
474 3959 647 4018 servitutem
677 3975 757 4017 novo
788 3953 907 4014 nornine
932 3949 1096 4010 toleraturi.

125 4056 235 4120 Etiam
249 4055 412 4136 mancipia,
424 4075 492 4134 quae
505 4074 564 4114 aere
578 4063 676 4114 nostro
687 4052 867 4133 paravimus,
877 4068 946 4109 cum
956 4047 1096 4106 emittun-

121 4163 179 4214 tur
194 4171 293 4223 menu‚
308 4153 338 4212 in
351 4171 441 4231 quam
455 4150 656 4211 conditionem
669 4148 815 4218 venerint,
830 4144 1021 4224 intelligunt3
1043 4161 1096 4201 ne·

123 4270 193 4332 que
212 4249 303 4309 minui
316 4248 374 4309 sibi
388 4247 490 4308 datum
504 4247 674 4308 libertatem
687 4245 859 4327 patiuntur:
882 4240 964 4302 etde
985 4239 1097 4319 injuria

121 4357 325 4429 patronorum
343 4345 536 4425 querentibus
553 4345 606 4424 jue
627 4342 769 4404 redditur.
813 4336 1030 4408 nomineque
1049 4331 1095 4392 nl-

120 4447 209 4507 tima
219 4445 333 4526 origiue
348 4441 447 4516 liberi,
459 4440 612 4524 quondam
624 4439 736 4514 aemuli,
749 4457 820 4500 mox
834 4435 908 4499 socii
921 4443 952 4497 et
965 4430 1094 4496 auxilia-

1163 578 1252 645 4567
