3300 5225
414 1815 568 1866 'ib-dm.

420 2164 512 2216 Justin.

894 556 931 606 't'-
952 554 1048 607 11111

571 698 1133 781 *moneremus
1155 696 1527 781 sgersrusiloreqssetu

572 797 724 878 quomodo
742 797 853 869 meriti,
872 806 927 857 aut
942 796 1092 879 quomodo
1111 796 1201 857 isturi
1218 798 1357 877 iujuriam
1369 794 1529 857 loriuuter.

572 892 689 955 ‘l'autss
704 914 769 955 ease
781 894 907 955 duorum
922 914 1022 973 regum
1035 914 1119 977 opes,
1131 902 1167 955 ut
1180 894 1229 955 vei
1239 894 1362 954 ulterius
1378 912 1461 953 arms
1473 890 1529 952 sso-

574 998 688 1052 rentem
701 990 845 1073 poputum
858 990 1032 1051 Romnum
1043 991 1188 1051 11111111
1200 990 1332 1073 puniat:
1353 982 1464 1049 nedum
1476 988 1531 1049 ille

574 1088 684 1151 debitis
695 1099 728 1150 et
739 1087 868 1151 afflictus
879 1090 1057 1168 eonjuuetos
1067 1088 1231 1149 sustinest'

615 1193 668 1247 11.
689 1186 742 1249 Fit
753 1188 830 1247 iuter
842 1186 911 1246 illos
922 1194 1055 1268 promtu,
1076 1197 1085 1223 ⁴
1098 1196 1133 1247 ut
1143 1194 1248 1247 eontra
1263 1205 1450 1246 munem
1462 1185 1533 1245 tw

576 1292 637 1345 tem
648 1285 778 1346 societas
789 1304 939 1345 armorum
959 1284 1090 1365 bellique
1107 1294 1201 1345 esset:
1221 1283 1302 1365 quod
1315 1283 1431 1343 urbium
1444 1304 1534 1363 agros

571 1400 679 1449 rumve
687 1390 810 1463 ceptum
821 1381 909 1455 toret,
924 1380 1113 1453 Minodum
1128 1382 1271 1451 hominu,
1284 1388 1316 1440 et
1328 1380 1472 1461 quioquid
1483 1381 1534 1459 agi

576 1478 706 1558 turrique
715 1488 825 1560 possa,
834 1478 958 1559 Tigrani
969 1478 1129 1540 oedereut’
1156 1477 1279 1559 Quippe
1291 1476 1436 1557 Tigranes
1449 1486 1535 1537 resta

577 1586 721 1637 terrarum
740 1579 851 1657 spatia,
871 1586 903 1637 et
921 1577 1070 1637 ooutiuuis
1084 1576 1175 1637 bellis
1189 1576 1343 1637 exinanita
1354 1575 1534 1636 obtinebat:

577 1679 641 1733 turn
658 1692 779 1753 quoque
795 1671 1011 1753 Tigranocerta
1027 1673 1170 1745 ooudeus,
1190 1672 1399 1753 smpttdm
1417 1673 1536 1743 urbem,

578 1769 745 1831 bominibus
761 1772 892 1830 maxime
914 1770 1046 1834 habebnt
1064 1790 1148 1852 opus
1192 1766 1359 1831 Mithridati
1383 1768 1537 1849 populosa

579 1867 713 1945 regiones
724 1867 878 1939 suberant,
890 1876 922 1928 et
934 1867 1053 1929 aooolss
1069 1866 1202 1927 babebat
1219 1864 1377 1946 Scytbbss
1390 1864 1539 1937 ustiones,

579 1982 649 2043 que
667 1982 737 2023 cum
757 1983 846 2043 agros
866 1963 963 2025 nullos
980 1972 1033 2023 aut
1050 1961 1164 2023 steriles
1177 1962 1333 2033 habereut,
1346 1960 1539 2021 multitudiue

580 2068 682 2119 tumen
698 2061 852 2121 hominm
865 2063 1006 2141 majoram
1020 2060 1051 2119 in
1061 2059 1183 2121 niodum
1195 2058 1398 2119 abundabant.
1441 2056 1542 2137 Igitur

580 2164 613 2215 et
630 2155 671 2217 ad
683 2158 764 2229 istos,
777 2167 810 2218 et
822 2158 853 2217 iu
866 2159 997 2219 vicinam
1012 2155 1120 2217 deinde
1135 2156 1314 2218 Sarmatiam
1326 2156 1404 2215 mitti
1424 2154 1543 2234 legatos

582 2252 709 2334 pluerit,
727 2253 814 2333 larga
834 2254 994 2335 stipendia,
1012 2254 1187 2315 honoratam
1206 2251 1354 2324 militiam,
1371 2251 1543 2313 lueuleutm

582 2350 790 2430 possesdoues,
803 2360 1014 2423 ostentaturos,
1032 2368 1131 2431 opere
1144 2358 1248 2409 eontra
1261 2346 1417 2409 Romanos
1427 2368 1543 2409 usvu-

582 2443 632 2505 de
643 2454 726 2507 uerte
741 2455 774 2506 et
790 2466 901 2525 magua
921 2447 1054 2528 praemia.
1096 2445 1206 2506 Parthi
1218 2464 1336 2527 quoque
1350 2444 1499 2525 Medique
1512 2454 1543 2508 et

478 2612 485 2624 ·
583 2539 680 2615 Iberi,
704 2562 774 2603 euru
799 2541 999 2624 Gallograecis
1025 2542 1240 2625 Bastarnisque
1268 2544 1298 2602 iu
1324 2540 1422 2603 totus
1447 2543 1540 2603 11111·

505 2647 513 2662 ·
583 2648 701 2700 cuntur.

626 2718 676 2797 io.
697 2734 779 2797 Hes
791 2735 884 2798 ferme
894 2755 990 2798 rerum
1001 2735 1208 2798 Romanarum
1217 2736 1311 2797 iacies
1317 2745 1472 2808 erateum
1481 2735 1541 2797 Cu.

585 2830 752 2914 Pompeius
765 2831 839 2893 Sex.
855 2833 891 2893 P.
906 2832 964 2893 Ou.·
984 2832 1030 2893 N.
1045 2833 1164 2904 Strabo,
1176 2833 1211 2893 1.
1226 2833 1355 2894 Porcius
1373 2832 1420 2894 M.
1440 2831 1477 2892 F.
1494 2831 1542 2893 Μ.

586 2927 632 2988 N.
647 2927 727 2989 Cato
744 2929 891 3001 eonsules,
904 2930 1107 3008 magistratum
1124 2929 1279 2990 inierunt!
1320 2929 1359 2990 Iu
1375 2928 1545 3012 Campania

499 3043 506 3056 ·
587 3022 624 3086 L.
639 3023 744 3086 cm
759 3034 863 3086 eontra
878 3025 915 3086 C.
937 3025 1071 3109 Papium
1085 3025 1230 3086 Mutilum
1241 3036 1340 3087 castra
1353 3025 1392 3088 ad
1412 3026 1546 3088 Acerras

470 3144 478 3159 ·
586 3139 656 3182 eum
667 3121 869 3203 prooonsuinri
879 3123 1003 3204 imperio
1016 3123 1156 3183 babebat.
1200 3121 1313 3204 Neque
1325 3132 1475 3184 eertameu
1488 3124 1546 3184 aii-

588 3217 670 3298 quod
691 3219 815 3298 majoris
840 3217 915 3279 aleae
937 3220 1130 3281 movebatur:
1156 3219 1362 3282 tautummodo
1381 3218 1546 3282 frumenta·

589 3315 672 3376 tione
684 3324 716 3375 et
727 3324 894 3376 commeatu
908 3315 1036 3377 invicem
1050 3316 1260 3398 prohibebant.

633 3418 683 3476 17.
704 3411 825 3480 Quibus
837 3414 925 3473 rebus
936 3414 1067 3495 superior
1080 3413 1195 3486 cm,
1206 3415 1296 3495 eujus
1307 3414 1412 3474 eastris
1425 3413 1548 3476 fertilis·

589 3509 682 3570 simus
692 3529 764 3590 ager
775 3511 908 3582 suberat,
927 3531 964 3572 eo
977 3510 1096 3572 taudem
1110 3511 1291 3574 necessitatis
1303 3511 1406 3592 adegit
1418 3512 1548 3585 bostem,

590 3614 624 3666 ut
636 3607 716 3688 prior
727 3609 815 3668 motis
827 3609 932 3671 eastris
952 3608 1163 3690 profectionem
1176 3610 1343 3670 adornaret.
1385 3608 1462 3670 Non
1480 3619 1548 3691 pot-

589 3713 654 3764 erat
669 3705 701 3764 in
721 3713 806 3766 tauta
826 3708 982 3768 vicinitate
1005 3715 1166 3768 castrorum
1190 3706 1283 3767 latere
1306 3705 1378 3786 quid
1400 3716 1549 3786 ageretur.

591 3799 674 3881 Ergo
687 3804 861 3884 prepuretis
880 3805 1017 3865 omuibus
1035 3813 1097 3866 tam
1116 3813 1281 3886 opponuue
1293 3803 1450 3886 proeonsui
1462 3804 1551 3882 signu

592 3899 624 3959 in
641 3901 800 3961 abeuntem
813 3901 928 3964 bostem
941 3902 1052 3974 intulit,
1067 3910 1101 3964 ut
1120 3903 1185 3963 acie
1199 3910 1265 3962 tota
1276 3901 1407 3974 turbata,
1425 3899 1465 3962 ad
1480 3909 1551 3962 outo

594 3997 746 4056 homiuum
767 3997 863 4058 millia
882 4009 1089 4081 prosterneret,
1110 4017 1256 4060 armorum
1274 3999 1366 4058 etiam
1387 3999 1418 4064 vi
1440 4018 1553 4078 magus

595 4093 748 4174 potiretur.
783 4091 868 4155 Nam
881 4117 969 4178 super
981 4117 1018 4157 ea
1030 4116 1098 4177 que
1109 4096 1194 4157 cesis
1203 4094 1388 4168 exciderant,
1402 4115 1421 4156 a
1433 4095 1552 4178 fugien-

595 4189 676 4251 tibus
687 4191 796 4273 psssim
810 4191 928 4254 fueraut
940 4195 1070 4276 abjecta.

879 4431 894 4460 ⁸
912 4428 987 4480 A.U.
1000 4431 1030 4482 C.
1042 4433 1100 4482 111.
1136 4429 1168 4480 Α.
1180 4429 1212 4480 C·
1224 4431 1265 4478 19.
