3300 5225
201 977 206 988 ’
244 1046 1143 1175 SUPPLEMENTUM

500 1320 639 1388 LIBRI
674 1323 905 1392 LXXXIX.

455 1563 989 1688 ursnonrnnunr

284 1799 344 1890 T.
404 1801 610 1893 LIVII
674 1804 1093 1899 PATAVINI.

543 2079 850 2091 ψ-

132 2338 158 2393 1.
182 2311 314 2399 Iunas
331 2337 397 2399 hac
415 2338 526 2399 circum
548 2338 648 2400 Italia
669 2341 801 2419 regiones
819 2341 900 2401 missi
913 2348 981 2422 post
993 2341 1089 2405 ricto·
1102 2346 1210 2415 Appias.

130 2437 203 2497 riam
224 2438 265 2497 ab
287 2435 376 2518 Sylla
394 2436 497 2510 duces,
510 2438 634 2498 obibant
648 2430 820 2520 municipia,
835 2441 979 2520 suspectis
992 2441 1091 2520 praesi-

129 2533 179 2594 dia
203 2535 415 2618 imponebant:
437 2535 498 2596 alia
518 2555 586 2617 quse
608 2535 781 2617 postulabat
800 2556 880 2607 usus,
897 2547 950 2597 aut
968 2535 1089 2618 parendi

131 2636 304 2705 necessitas,
324 2634 556 2715 exequebantur.
598 2632 660 2694 Sed
683 2634 740 2694 Cn.
761 2634 922 2716 Pompeio,
941 2656 1028 2717 quem
1042 2635 1089 2696 di·

129 2734 221 2793 missa
244 2732 392 2804 Antistia,
416 2733 582 2814 privignam
605 2752 688 2792 suam
709 2730 874 2802 AEmiliam‚
900 2732 948 2794 M.
974 2730 1090 2794 Scauro
1118 2740 1255 2807 Plataglt.

130 2832 275 2909 genitam,
289 2831 354 2891 viro
363 2850 417 2891 suo
432 2828 478 2891 Μ.
494 2830 654 2891 Glabrioni
668 2829 831 2900 ademtam,
841 2828 952 2891 ducere
965 2850 1087 2913 compu·
1102 2810 1255 2935 ffissu·

130 2927 218 3000 ierat,
243 2928 393 3007 negotium
413 2925 563 2988 Carbonis
580 2926 775 3009 persequendi
799 2927 958 3008 imposuit;
982 2926 1088 2988 eadem
1101 2936 1185 2987 lom.

130 3045 222 3105 opera
243 3024 381 3085 Siciliam
398 3034 570 3107 purgaturo,
591 3027 622 3085 in
642 3046 732 3108 quam
751 3024 901 3085 Carbonis
917 3025 1006 3085 amici
1021 3026 1089 3106 qui·
1101 3032 1210 3099 Appias.

130 3122 213 3194 dam,
230 3132 261 3182 et
275 3124 440 3205 praecipuus
452 3122 620 3205 Perpema‚
635 3123 686 3205 qui
700 3122 781 3203 prius
793 3124 824 3182 in
840 3122 963 3202 Liguria
976 3122 1089 3183 bellum
1103 3133 1253 3183 orosam.

130 3240 199 3279 cum
224 3220 358 3301 Syllanis
383 3230 523 3301 gesserat,
542 3222 587 3281 vir
610 3222 774 3303 pretorius,
795 3220 1000 3299 confugerant,
1019 3224 1089 3280 cu'm
1103 3228 1254 3279 vallanto.

131 3316 235 3378 Carbo
246 3326 278 3378 et
291 3316 350 3379 On.
365 3318 516 3379 Domitius
528 3320 559 3379 in
572 3318 710 3379 Africam
721 3319 920 3398 navigassent.
943 3318 1088 3379 Adventu
1102 3294 1256 3358 ΡΙΜΜΡ·

131 3412 275 3497 Pompeii
288 3415 445 3498 Perperna
455 3416 553 3477 statim
573 3416 680 3475 Sicilia
695 3416 793 3487 cessit,
807 3415 1004 3497 civitatesque
1017 3436 1089 3476 auc·

130 3514 251 3575 toritate
264 3514 474 3585 adolescentis,
484 3522 516 3574 et
525 3515 633 3595 partim
643 3512 767 3574 consilio
778 3520 906 3594 receptae
916 3522 995 3573 sunt.
1038 3512 1091 3572 In·
1122 3524 1231 3575 Frontis.

130 3622 178 3671 ter
192 3634 266 3693 quas
279 3610 409 3684 Catane,
429 3632 496 3673 cum
515 3621 651 3692 suspecta
670 3610 819 3691 Pompeio
837 3618 925 3681 esset,
945 3620 978 3671 et
989 3609 1091 3692 praesi-
1103 3592 1256 3643 Smin·
1300 3653 1305 3663 .

129 3710 214 3769 dium
229 3720 399 3771 recusaturo
413 3710 574 3779 videretur,
589 3730 608 3769 a
620 3707 784 3769 fortissimis
797 3709 928 3768 omnium
948 3707 1092 3767 militibus

130 3818 281 3888 occupata
293 3820 351 3879 est,
372 3828 447 3889 qnos
464 3806 639 3889 Pompeius,
654 3807 812 3889 impetrato
826 3815 861 3866 ut
872 3806 944 3885 aegri
958 3805 1003 3866 sui
1017 3806 1092 3864 reci·
1146 3837 1149 3845 ·

130 3916 280 3983 petentur,
293 3907 349 3967 sub
362 3926 398 3966 eo
409 3906 515 3966 babitu
530 3906 559 3965 in
571 3904 712 3987 oppidum
727 3904 859 3965 miserat.

175 4008 206 4061 2.
228 4002 310 4063 Dum
323 4003 388 4063 baec
402 4012 552 4083 geruntur,
569 4024 609 4065 ex
625 4002 734 4064 Africa
747 4021 815 4063 curn
828 4000 930 4060 multis
942 3997 1093 4059 nobilibus
1104 4020 1213 4085 Appias.

130 4098 208 4158 viris
227 4100 355 4161 redierat
374 4099 486 4171 Carbo,
500 4110 532 4161 et
549 4102 578 4161 in
593 4101 724 4162 Cossum
736 4098 833 4158 insula
851 4116 982 4157 rumores
994 4094 1032 4155 de
1046 4114 1092 4154 re·
1104 4117 1206 4169 om„
1213 4122 1256 4171 ¹1.

130 4196 194 4257 bus
212 4198 328 4259 Italicis
345 4198 500 4279 captabat,
525 4200 555 4259 in
581 4198 745 4279 AEgyptum
768 4195 871 4275 fugam
889 4194 1048 4265 meditans,
1062 4203 1095 4254 et
1105 4216 1158 4270 tir.
1169 4217 1237 4284 Epi„

131 4296 251 4355 interim
267 4294 300 4355 L.
318 4294 433 4357 Βῐιιιοι
454 4296 484 4355 in
495 4301 572 4357 nare
586 4294 746 4378 piscatoria
759 4292 928 4372 Lilybaeum
948 4291 1046 4362 missso,
1058 4299 1094 4352 ut

170 4464 187 4510 1
204 4462 241 4513 Μ.
253 4463 332 4515 Bruto
343 4462 482 4529 legebatur
493 4464 554 4515 oiim
565 4463 615 4514 boc
627 4462 694 4519 ioco,
703 4469 733 4513 ut
746 4463 773 4511 in
785 4460 901 4526 Epitom.
910 4458 987 4524 trojus
997 4456 1068 4509 libri.
