3300 5225
263 1106 266 1114 =
393 1094 461 1197 itui.

395 574 483 643 4846

414 948 460 999 cie
490 963 515 997 ro

395 962 549 1128 equina

883 602 919 650 T.
942 602 1038 651 mvn

561 746 772 809 accedentibus
789 766 909 829 quoque
927 746 1087 807 liberarum
1102 746 1234 826 gentium
1246 746 1378 819 auxiliis,
1391 766 1461 829 quae
1474 750 1516 810 ab

561 844 668 906 Araxe
678 844 783 917 fluvio,
792 844 902 927 partim
914 844 1000 905 donis
1010 852 1063 905 aut
1072 844 1169 923 gratie
1181 851 1271 905 motae
1280 846 1431 918 moment,
1444 866 1516 927 par-

560 944 614 1003 tim
626 963 663 1004 ea
672 943 821 1024 opinione,
834 940 914 1027 qnod
925 940 963 1000 ad
974 940 1172 1021 diripiendum
1184 940 1397 1001 nobilissimum
1409 943 1447 1003 iis
1457 944 1517 1003 oris

559 1040 662 1101 tenum
675 1039 808 1101 Romani
826 1038 1072 1099 existimabantur
1083 1037 1214 1107 venisse;
1232 1039 1333 1098 omnia
1349 1038 1431 1120 apud
1443 1040 1515 1100 bar-

559 1139 646 1198 baros
660 1136 788 1197 audacia
799 1135 944 1216 minisque
952 1153 1107 1216 personare
1118 1143 1271 1215 ceperum
1279 1155 1287 1194 :
1296 1154 1393 1215 neque
1401 1136 1431 1194 in
1441 1156 1515 1197 oon-

559 1235 646 1296 viviis
658 1234 746 1313 regis,
760 1233 899 1313 usquein
912 1230 1046 1304 consilio,
1059 1230 1128 1291 aliis
1139 1240 1204 1291 erat
1222 1233 1405 1292 sermonibus
1419 1232 1516 1293 imum.

558 1330 692 1404 Taxilae,
704 1331 777 1411 quia
785 1338 849 1391 tum
858 1348 978 1410 quoque
990 1348 1118 1410 pugnam
1134 1328 1256 1409 oblique
1268 1328 1473 1401 discedebat,
1482 1332 1514 1391 in

557 1427 721 1510 periculum
733 1427 803 1489 vitae
814 1425 961 1487 adductius
972 1434 1035 1486 est:
1060 1423 1252 1485 Mithridates
1263 1446 1318 1506 pro
1330 1425 1441 1486 remulo
1452 1436 1514 1487 tra-

484 1586 487 1591 ,
556 1521 989 1605 duetus,quitantamgioriam
997 1521 1263 1583 soceroinvideret.
1285 1520 1514 1602 Igiturnonex·

408 2308 467 2424 Salol.
478 2307 543 2359 Hist.

394 2389 432 2425 nv.
460 2409 467 2424 .

393 2438 458 2489 Piut.

556 1630 675 1701 pectato
686 1619 1096 1691 ilio,neseniretinsictoria
1104 1618 1514 1699 societatem,Tigranestoto

555 1737 625 1778 cum
638 1719 770 1779 exercitu
780 1718 884 1788 morit,
895 1717 970 1777 nibil
981 1736 1066 1795 seque
1078 1714 1159 1797 apud
1169 1717 1292 1788 amicos,
1302 1725 1339 1778 ut
1349 1715 1512 1789 ferebatur,

557 1823 689 1894 questus,
712 1834 802 1893 quam
822 1812 1012 1894 ‘quodcum
1031 1832 1092 1873 uno
1106 1820 1224 1873 tantum
1243 1812 1382 1884 lucullo,
1401 1832 1439 1874 ac
1453 1808 1512 1875 n'on

556 1910 644 1970 simui
657 1912 793 1971 omnibus
804 1908 938 1970 Romani
951 1909 1055 1991 populi
1064 1909 1192 1970 ducibus
1200 1908 1353 1969 dimicatio
1366 1912 1512 1971 instaret’

595 2014 647 2069 42.
669 2008 711 2068 Et
720 2018 804 2068 eraut
816 2028 861 2067 ere
874 2009 963 2079 vires,
976 2026 1045 2087 quae
1055 2006 1261 2067 modestiorem
1274 2009 1366 2067 etiam
1378 2008 1511 2069 animum

556 2104 659 2165 efferre
675 2105 847 2186 potuissent
891 2103 1067 2164 Funditores
1086 2114 1117 2165 et
1133 2104 1278 2183 sagittarii
1295 2105 1404 2184 viginti
1416 2102 1512 2165 millia

555 2200 768 2283 expleverant3
795 2203 921 2282 equites,
948 2200 1044 2261 miliia
1064 2202 1197 2281 quinque
1219 2209 1251 2261 et
1274 2202 1509 2281 quinquaginta:

555 2318 679 2379 quorum
701 2302 750 2377 (ut
771 2300 811 2361 ad
834 2307 968 2359 senatum
982 2299 1098 2379 scripsit
1118 2298 1274 2377 Lucullus)
1297 2298 1509 2380 septemdecim

555 2395 650 2455 millia
662 2397 846 2478 cataphracti
859 2406 954 2468 crant,
972 2394 1068 2456 ferree
1084 2397 1164 2456 omni
1183 2397 1292 2477 specie.
1335 2395 1399 2455 His
1410 2400 1511 2475 gnaris

555 2502 711 2553 armaturae
724 2494 834 2554 milites
845 2503 963 2553 centum
976 2492 1193 2573 quinquaginta
1204 2492 1301 2553 miliia
1312 2503 1508 2554 accesserant.

556 2587 706 2651 calonum
726 2610 855 2672 quoque,
879 2600 911 2652 et
933 2591 1111 2652 munitorum
1134 2589 1173 2651 ad
1196 2598 1301 2672 pontes
1324 2589 1508 2664 sternendos,

554 2686 785 2769 credendumque
801 2689 964 2759 materiem,
985 2697 1016 2747 et
1027 2687 1138 2748 similes
1150 2708 1231 2758 usum,
1243 2688 1364 2767 triginta
1376 2689 1508 2769 quinque

555 2783 650 2844 miliia
673 2786 883 2866 sequebantur.
926 2785 999 2846 Hoc
1022 2795 1138 2846 tentum
1164 2805 1268 2864 agmen
1291 2786 1343 2846 ubi
1369 2786 1507 2866 primum,

553 2890 691 2962 superato
711 2883 820 2954 Tauro,
837 2884 967 2965 conspici
986 2903 1006 2943 a
1021 2883 1240 2961 Tigranocertis
1258 2884 1367 2965 potuit,
1384 2883 1507 2956 obsoni,

553 2997 591 3038 ex
610 2990 689 3041 metu
708 2983 739 3042 in
758 2980 915 3042 eudociam
938 2983 1025 3053 versi,
1048 2979 1204 3041 Romame
1223 2983 1370 3063 respicere
1390 2981 1508 3042 minita-
1530 2992 1535 3006 '

553 3076 644 3137 bundi
655 3078 814 3158 jubebant.

590 3181 641 3236 43.
665 3177 712 3236 At
725 3179 754 3236 in
774 3179 926 3259 principiis
943 3175 1091 3238 Romanis
1106 3175 1231 3238 diversae
1250 3176 1403 3237 sententias
1424 3177 1507 3239 dioe-

552 3272 680 3333 bantur:
694 3273 872 3355 quibusdam
885 3275 1095 3336 occurrendum
1106 3274 1179 3353 regi,
1193 3273 1261 3335 aliis
1273 3294 1331 3335 nou
1344 3293 1409 3335 esse
1422 3275 1506 3336 dese·

551 3369 673 3430 rendam
684 3371 865 3432 obsidionem
876 3372 1098 3433 affirmantibus.
1119 3371 1263 3432 Lucuiius
1272 3381 1413 3453 utrosqoe
1427 3384 1507 3435 recte

551 3467 696 3527 censuisse
722 3469 835 3540 dicens,
857 3479 889 3530 et
908 3479 1037 3541 neutros,
1055 3469 1157 3530 divisit
1177 3470 1291 3550 copies,
1316 3469 1507 3552 Marcusque

550 3581 619 3622 cum
639 3583 692 3624 sex
711 3565 845 3647 peditum
868 3567 999 3628 millibus
1017 3569 1048 3627 in
1064 3567 1170 3628 cnemis
1188 3567 1304 3638 relicto,
1326 3577 1458 3647 quatuor
1476 3582 1508 3629 et

417 3717 422 3734 ,
550 3661 655 3738 viginti
666 3663 812 3735 cohortes,
835 3665 866 3723 in
879 3665 987 3744 quibus
1004 3663 1085 3724 hand
1102 3673 1188 3724 eraut
1200 3663 1329 3745 amplius
1339 3663 1446 3726 decem
1458 3685 1505 3725 ar·

384 4256 493 4369 iim

416 4336 512 4371 amnon.

383 4385 506 4451 Xiphiliu.
520 4431 522 4438 .

384 4449 452 4504 Pina.

551 3765 695 3818 matorum
714 3758 818 3830 miliia,
838 3780 907 3821 eum
917 3762 999 3821 omni
1012 3761 1159 3840 equitatu,
1175 3769 1207 3821 et
1218 3759 1400 3821 funditorum
1413 3764 1505 3841 sagit·

549 3855 748 3936 tariorumque
761 3856 845 3916 mille
858 3856 943 3917 ducit
955 3859 984 3917 in
1000 3857 1168 3918 Armenios.

588 3958 639 4012 44.
662 3951 727 4024 Ilii,
741 3962 860 4034 patente
873 3955 903 4014 in
915 3973 1023 4035 eampo
1037 3957 1130 4033 juxta
1146 3952 1256 4014 damen
1273 3963 1373 4014 casua
1389 3965 1505 4015 metan-

548 4054 607 4107 tem
621 4051 795 4130 conspiceti,
808 4061 959 4111 eonmmta
971 4053 1135 4132 paucitate,
1153 4049 1258 4112 ludum
1275 4053 1441 4133 jocumque
1459 4052 1505 4112 sa·

548 4143 676 4206 ciebant.
718 4147 831 4228 Neque
848 4149 1007 4228 quisquam
1028 4157 1094 4208 erat
1112 4169 1215 4228 regum
1236 4149 1396 4222 ducumre,
1419 4151 1503 4232 quin,

548 4241 632 4303 adito
657 4242 797 4323 Tigrane,
824 4245 884 4306 sibi
907 4247 1029 4307 aeorum
1053 4265 1182 4327 pugnam
1205 4254 1360 4327 posceret:
1382 4255 1504 4328 ‘neque

547 4337 627 4398 enim
649 4341 783 4414 attinere,
804 4351 919 4402 tantum
938 4343 1102 4403 exercitum
1121 4351 1183 4403 tam
1206 4342 1265 4402 leni
1289 4345 1504 4424 operapretio
1623 4424 1624 4427 Ἴ

548 4434 687 4514 fatigari!
728 4437 830 4498 Etiam
841 4438 984 4518 Tigranes
995 4439 1111 4501 facetus
1123 4460 1188 4502 esse
1200 4439 1307 4512 voluit,
1320 4449 1363 4512 et,
1377 4450 1386 4477 ⁴
1399 4440 1506 4522 siqui·
