3300 5225
875 594 910 643 'l'-
934 594 1029 649 mvn

557 739 683 800 vetitum
695 738 813 801 fueret:
837 684 922 821 polone
936 760 1055 819 quoque
1076 738 1191 810 uddito,
1210 738 1233 799 si
1255 739 1323 820 quis
1336 758 1425 800 nusum
1436 746 1514 801 esset

556 834 702 898 frenernri.
746 836 856 917 Legem
870 838 1027 899 necessites
1047 837 1209 912 bominum,
1224 847 1255 899 et
1269 836 1375 897 inclite
1388 856 1513 899 consue·

557 931 641 1005 tudo,
652 932 741 1013 longo
753 935 813 994 situ
826 935 993 995 obtexerat.
1036 934 1133 1014 Igitur
1146 936 1253 995 morosi
1265 934 1425 1007 debitores,
1444 955 1514 995 cum

557 1030 789 1101 loeneretoribus,
807 1051 848 1091 ex
870 1040 958 1111 pecto
978 1040 1086 1092 sortem
1108 1041 1140 1093 et
1160 1052 1261 1091 usum
1281 1031 1515 1112 reposcentibus,

557 1126 632 1187 belli
644 1127 736 1199 mele,
749 1136 781 1187 et
792 1148 832 1187 ex
849 1128 885 1187 iie
897 1128 1028 1209 inopium
1042 1148 1125 1189 suem
1139 1128 1247 1209 purtim
1256 1148 1336 1199 vere,
1351 1126 1405 1188 ulii
1425 1127 1516 1197 soleo,

559 1224 675 1305 utrique
688 1223 795 1283 snrstm
807 1223 1019 1295 obtenderent;
1042 1225 1137 1305 legem
1149 1223 1262 1306 pridem
1274 1225 1440 1285 extinctum
1451 1224 1517 1285 vel-

559 1330 594 1381 ut
605 1321 646 1380 nb
658 1340 729 1381 orco
742 1321 932 1381 revocabunt.

599 1424 651 1478 41.
673 1416 750 1477 Inde
761 1437 832 1477 cum
845 1417 949 1496 ingens
960 1428 1110 1479 certamen
1123 1418 1292 1489 exarsisset,
1306 1416 1517 1497 ferverentque

394 1522 527 1601 Ltv3Epir.
560 1514 663 1574 litibus
672 1514 783 1586 omniu,
795 1522 903 1596 praetor
915 1512 958 1574 A.
975 1513 1167 1596 Sempronius
1177 1512 1308 1585 Asellio,
1316 1514 1366 1575 cui
1371 1514 1519 1595 jurisdic-

396 1591 504 1655 Appen.
560 1612 603 1672 tio
623 1612 737 1674 urbane
756 1620 908 1685 evenerat,
921 1630 984 1671 rem
1009 1631 1049 1671 ex
1073 1630 1160 1691 usquo
1181 1611 1318 1691 bonoque
1338 1600 1519 1693 componere

560 1718 695 1778 conotus,
717 1706 826 1768 frustm
847 1708 915 1769 suit.
957 1707 1054 1778 Nem,
1074 1716 1108 1767 ut
1125 1706 1189 1767 lieri
1202 1718 1295 1777 emet,
1310 1706 1391 1789 epnd
1406 1728 1521 1788 paucos

555 1804 632 1885 justi
644 1804 819 1885 honestique
833 1804 956 1865 velcbet
968 1812 1138 1885 respectus:
1156 1813 1259 1865 cetere
1271 1805 1371 1875 turbo,
1385 1802 1454 1865 nliis
1471 1806 1521 1865 in-

560 1900 697 1962 debitum
715 1902 849 1982 improbe
869 1898 1068 1981 exigentibus,
1090 1900 1157 1962 eliis
1182 1900 1295 1983 perfide
1322 1902 1522 1963 retinentibus

561 1997 707 2070 debitum,
721 1999 816 2077 magis
829 2000 981 2078 megisque
993 1999 1232 2060 contentionibus
1245 2008 1276 2060 et
1291 1998 1442 2060 simultete
1462 2000 1522 2059 im-

562 2094 743 2177 pliccbotur.
784 2094 835 2155 Ibi
854 2104 963 2177 praetor
978 2094 1098 2175 judices
1115 2095 1187 2156 dure
1207 2097 1307 2178 ooepit,
1321 2096 1373 2175 qui
1387 2095 1522 2175 singulo-

562 2212 628 2253 rum
640 2200 853 2271 cognoscerent
864 2211 981 2263 ecuses,
991 2200 1022 2252 et
1036 2192 1111 2253 inter
1123 2192 1219 2273 legem
1234 2202 1323 2273 ntqne
1337 2212 1422 2253 nsum
1435 2194 1523 2254 varie

562 2296 734 2370 oppressam
744 2290 917 2369 equitatem
928 2287 1113 2368 indagarent.

603 2392 654 2447 42.
676 2384 725 2445 Ee
737 2407 785 2447 res
798 2394 913 2447 mntem
929 2386 1091 2447 commovit
1110 2384 1190 2467 opud
1208 2386 1370 2449 creditores
1388 2394 1524 2447 conster-

564 2484 726 2554 nntionem‚
739 2493 773 2544 ut
784 2484 884 2544 omnin
901 2484 980 2565 prius
1000 2481 1139 2545 eudendo
1158 2492 1307 2565 putarent,
1325 2502 1414 2566 quern
1428 2484 1459 2545 id
1467 2486 1525 2565 jus

434 2576 439 2586 ’
565 2579 668 2642 referri
680 2589 863 2662 poterentur,
879 2601 932 2662 per
951 2580 1034 2662 quod
1051 2598 1111 2642 non
1124 2581 1213 2682 modo
1225 2580 1385 2644 carendum
1398 2580 1523 2658 l'oenore,

417 2689 473 2741 vu.
484 2689 555 2742 Mu.
566 2679 619 2739 sed
632 2679 711 2739 ultro
724 2679 883 2761 pendenda
893 2678 1006 2740 mulcta
1019 2679 1105 2740 leret.
1147 2679 1245 2759 [gitur
1259 2679 1294 2740 L.
1309 2679 1414 2740 Cestio
1427 2681 1524 2742 tribu·

400 2769 441 2804 rx.
453 2761 479 2805 7.
497 2765 525 2804 et

400 2819 509 2885 Appim.
566 2797 608 2837 no
630 2777 726 2858 plebis
742 2778 924 2850 concitante,
945 2776 1075 2838 mundo
1096 2777 1158 2840 diei
1177 2779 1260 2849 bore,
1279 2777 1427 2859 polemio
1445 2775 1524 2849 soro,

568 2878 771 2956 magistratum
781 2875 889 2958 populi
897 2875 1041 2948 Romani,
1052 2885 1116 2936 turn
1129 2877 1259 2936 maxime
1272 2895 1358 2937 sucre
1370 2875 1439 2936 Diis
1447 2875 1526 2952 leci-

566 2982 677 3045 entem,
694 2972 774 3034 foedo
794 2972 935 3054 exemplo
949 2981 1142 3053 peremerunt.
1184 2972 1251 3033 Pro
1263 2972 1328 3033 ede
1343 2971 1525 3033 Concordiae

568 3069 717 3131 Gemellis
723 3069 865 3141 fuciebnt,
876 3071 1086 3130 circumstante
1095 3068 1180 3130 velut
1187 3068 1226 3130 ed
1235 3067 1413 3130 sucrificium
1423 3071 1525 3132 turbu.

570 3167 620 3228 Ibi
635 3168 675 3228 nb
685 3188 744 3228 uno
758 3167 888 3248 quodem
902 3166 1002 3248 lepide
1016 3167 1128 3248 petitus
1142 3175 1260 3247 pretor,
1273 3167 1395 3247 abjectu
1407 3177 1525 3250 petere,

567 3273 708 3325 contento
720 3285 808 3326 cursu
822 3285 875 3346 per
887 3263 984 3325 forum
994 3264 1032 3324 cd
1044 3262 1148 3325 Veste
1158 3263 1300 3342 fugiebat.
1344 3263 1405 3325 Sed
1418 3266 1526 3326 exclu-

567 3381 618 3421 sus
631 3361 670 3421 ub
683 3360 751 3422 eliis
763 3361 815 3442 qui
828 3369 1050 3442 praecurrerent,
1063 3369 1174 3421 etcum
1187 3361 1217 3420 in
1230 3360 1415 3421 tabernulam
1427 3380 1527 3442 quen-

567 3457 638 3517 dum
649 3479 682 3518 se
700 3456 877 3530 abdidisset,
897 3458 927 3518 in
947 3458 1018 3538 ipsis
1035 3457 1225 3536 magistratus
1237 3467 1269 3518 et
1280 3455 1419 3527 sacrificii
1437 3479 1527 3520 ome·

567 3554 675 3614 mentis
683 3554 850 3636 discerptus
862 3563 918 3616 est.
961 3552 1073 3614 Ferunt
1085 3563 1147 3614 ten
1159 3553 1317 3615 vecordem
1329 3553 1419 3614 luisse
1428 3555 1528 3616 bomi-

568 3670 639 3710 num
650 3649 835 3722 violentiam,
851 3660 884 3710 ut
896 3649 1018 3732 quidum
1032 3648 1111 3732 opud
1121 3648 1264 3712 Vestnles
1276 3649 1395 3712 latitare
1410 3651 1527 3712 Aselli-

568 3769 655 3809 onem
671 3748 739 3821 reti,
755 3769 793 3808 eo
816 3749 986 3830 irruperint,
1008 3747 1086 3808 unde
1107 3745 1207 3808 viriles
1224 3746 1326 3808 oculos
1345 3747 1450 3827 religio
1463 3769 1528 3810 me-

564 3848 677 3926 jorum,
693 3855 726 3907 et
748 3845 908 3906 multorum
926 3855 1048 3908 netetum
1068 3854 1210 3928 perpetue
1226 3845 1376 3906 veneratio
1397 3865 1529 3908 summ·

569 3944 671 4004 vebat

609 4047 662 4102 43.
685 4038 799 4122 Neque
813 4038 1014 4101 admirabilior
1027 4040 1057 4100 in
1075 4038 1221 4121 putrnndn
1233 4039 1315 4100 ccede
1333 4037 1462 4101 uudeein
1473 4039 1529 4102 foe·

570 4146 750 4210 nerntorum,
760 4159 852 4218 quum
865 4139 895 4198 in
909 4137 1041 4198 colendis
1053 4139 1118 4217 ejus
1127 4137 1297 4199 unctoribus
1310 4136 1455 4198 industrio
1462 4137 1530 4200 luit.

554 4231 711 4306 -Senntus,
730 4236 778 4295 ‘si
792 4236 860 4317 quis
872 4233 944 4318 quid
963 4235 1027 4313 ejus
1039 4235 1081 4296 rei
1099 4233 1282 4308 inrlicesset,⁷
1299 4234 1394 4296 libero
1407 4237 1530 4316 pecuni-

587 4423 603 4472 t
614 4420 716 4474 Dserst
725 4425 789 4474 ente
800 4419 877 4472 cren.
887 4419 918 4470 rt
927 4418 992 4486 quit,
1003 4425 1030 4472 et
1037 4417 1171 4484 errem
1177 4431 1226 4486 pro
1237 4417 1366 4472 eruam
1373 4415 1521 4486 isgsbstnr.
