3300 5225
382 576 497 627 sisar.
512 576 649 627 xourrr.
672 575 997 629 suarnsaauruu.
1156 562 1265 631 teau

119 720 190 799 jem
211 718 301 779 etiam
319 726 420 801 partes
438 719 554 801 aliquas
573 721 650 801 ignis
670 722 956 804 comprehenderat.-
984 720 1164 784 ScalisOros
1174 733 1243 785 Plus.

124 813 264 887 admotis,
277 816 592 877 laciletrausceusum:
613 826 645 879 et
659 817 783 892 Cilices,
804 840 879 900 quos
897 818 1000 901 praeda
1019 799 1222 880 tar-Mem·

125 908 261 985 deraret,
276 914 384 995 passim
397 914 498 973 occisi.
540 912 575 974 N
577 936 594 975 e
608 916 765 997 oppidanis
776 916 898 996 quidem
911 917 993 999 parci
1006 918 1082 977 inter

124 1008 284 1069 tumultum
307 1009 416 1091 potnit,
439 1008 535 1071 donec
558 1020 627 1073 octo
644 1000 735 1073 ferme
756 1013 909 1074 bominum
921 1012 1082 1073 interfectis
1091 1028 1159 1078 Plus.

125 1104 269 1177 millibus,
284 1106 416 1167 caedibus
429 1106 568 1168 abstineri
582 1110 741 1190 imperator
749 1110 852 1190 jussit.
1091 1094 1219 1145 mmm·

167 1208 219 1263 22.
243 1201 360 1265 Deinde
369 1204 538 1265 consolatus
552 1204 741 1287 Sinopenses,
759 1206 897 1287 privatim
908 1224 964 1265 sua
973 1204 1081 1287 cuique
1092 1221 1160 1272 Plus.
1237 1186 1244 1199 ’

126 1298 267 1373 reddidit,
280 1301 402 1382 publice
411 1300 497 1363 dedit
507 1302 689 1364 libertatem:
711 1310 819 1384 praeter
829 1303 978 1382 ingenium
991 1302 1082 1363 bene·
1092 1317 1201 1384 Appiae.

127 1396 218 1458 ficum
231 1418 268 1459 ac
280 1399 363 1470 mite,
377 1399 490 1459 somnio
509 1418 628 1481 quoque
641 1409 748 1462 motus.
790 1400 938 1462 Proxima
948 1408 1018 1461 ante
1030 1420 1082 1461 ca·
1093 1415 1161 1467 Plus.

127 1494 267 1576 piendam
279 1495 381 1555 urbem
394 1496 505 1576 quiete,
523 1495 624 1557 videre
641 1498 722 1558 vista
741 1506 787 1558 est
798 1497 920 1559 babitus
931 1498 1084 1576 ignotioris

125 1592 285 1665 bominem,
298 1592 447 1673 paulisper
462 1593 619 1672 jubentem
636 1593 785 1675 progredi,
804 1603 839 1655 ut
860 1592 1016 1675 Autolyco
1029 1614 1081 1655 oc-

125 1697 265 1753 curreret.
307 1688 348 1749 Id
360 1689 504 1750 somnium
519 1690 594 1751 inter
607 1698 754 1751 tantarum
767 1711 863 1751 rerum
872 1691 1084 1772 occupationes

126 1804 196 1845 cum
209 1784 370 1847 effluxisset
382 1786 493 1857 animo,
507 1784 582 1847 forte
600 1786 672 1847 dum
693 1786 805 1848 Cilicas
818 1786 859 1848 ad
875 1808 956 1847 mare
968 1787 1083 1866 lugien-
1104 1833 1108 1841 .

126 1890 174 1943 tes
186 1884 381 1965 persequitur,
403 1879 577 1944 obvolutam
599 1884 705 1964 pannis
717 1890 845 1944 statuam
858 1884 946 1945 vidit.
962 1906 968 1915 ·
987 1882 1083 1945 Hauc

126 1980 179 2039 nbi
201 1979 277 2041 solri
299 1982 448 2060 eximique
464 1980 565 2059 jussit,
589 1982 689 2041 statim
711 1982 833 2060 eguerit
851 1982 991 2063 speciem,
1014 2000 1103 2061 quae-

127 2078 285 2137 obversata
297 2086 387 2139 noctu
401 2076 517 2137 fluerat:
539 2078 626 2138 simul
651 2080 839 2159 praesentium
861 2078 969 2159 aliquis
982 2077 1093 2139 Anto.

127 2174 231 2255 lycum
250 2195 326 2246 esse,
348 2173 499 2235 Sthenidis
518 2194 605 2256 opus,
625 2174 822 2237 confirmarit.
865 2175 1001 2236 Heroem
1014 2174 1107 2236 Aa..

127 2270 260 2353 tolycurn
275 2270 456 2354 Sinopenses
467 2272 618 2344 colebant,
626 2271 709 2353 quod
718 2272 780 2333 sire
789 2272 809 2332 J
811 2273 946 2332 usonisin
958 2272 1083 2353 expedi·
1092 2294 1188 2346 sm,

127 2368 209 2429 tione
223 2368 378 2441 Colchica,
390 2370 452 2431 sire
467 2368 612 2429 Herculis
624 2370 764 2432 adversus
774 2370 948 2430 Amazonas
956 2368 1081 2451 proiecti
1091 2390 1160 2443 Plus.

127 2467 235 2538 socius,
249 2486 318 2527 cum
342 2465 417 2528 forte
435 2467 621 2546 naufragium
640 2468 677 2528 iis
700 2468 773 2528 locis
794 2466 923 2539 lecisset,
947 2466 1080 2549 Sinopen
1090 2456 1202 2531 appias.

126 2584 197 2626 cum
214 2566 274 2626 suis
294 2574 479 2648 pervenerat,
492 2584 618 2648 eantque
639 2566 740 2626 urbem
764 2565 910 2647 prioribus
930 2558 1081 2635 incolii,a

130 2661 209 2745 Syro
222 2665 325 2744 (quem
339 2663 485 2745 Apolline
498 2671 530 2723 et
541 2662 639 2745 Asopi
653 2662 718 2724 lilia
733 2661 846 2745 Sinope
860 2665 991 2743 genitum
1005 2662 1160 2725 fere-flur.

128 2763 217 2843 bant)
230 2762 272 2822 ibi
284 2761 450 2834 collocetis,
463 2761 611 2822 ademtam
625 2762 804 2822 obtinuerat.

168 2866 220 2920 23.
242 2860 291 2920 Ea
304 2879 350 2920 res
363 2858 517 2919 admonuit
530 2858 690 2920 Lucullum
706 2860 994 2932 commentariorum,
1007 2881 1083 2940 quos

129 2957 158 3016 ei
169 2955 258 3038 Sylla
270 2957 467 3038 inscripserat,
477 2957 697 3038 inserueratque
710 2957 865 3028 monitum,
879 2966 888 2993 ⁴
904 2966 938 3017 ut
949 2977 1003 3037 per
1014 2959 1081 3038 qui-

128 3062 206 3114 etem
219 3053 322 3114 oblata
333 3055 492 3135 prrecipuae
505 3053 693 3114 firmitudinis
705 3055 875 3115 existimare
884 3055 1084 3116 meminisset:

130 3154 210 3223 Quas
229 3153 313 3214 latua
333 3163 365 3213 et
384 3152 504 3234 puerilis
528 3153 680 3213 bominum
705 3152 879 3223 credulitas,
901 3151 975 3233 quid
1000 3152 1104 3214 aliud·

129 3259 220 3331 quarn
234 3251 380 3311 theatrum
394 3260 449 3322 est,
470 3251 499 3310 in
520 3271 580 3330 quo
599 3250 718 3310 fabulas
737 3271 806 3310 suas
816 3249 991 3330 deceptores
1002 3251 1083 3328 genii

129 3369 183 3429 pro
197 3347 293 3408 lubitu
307 3349 462 3418 instruant,
475 3367 644 3428 erroresque
657 3367 769 3419 omues,
783 3347 813 3407 in
826 3367 902 3426 quos
912 3345 1082 3426 demergere

128 3446 265 3506 miseram
282 3443 491 3505 mortalitatem
511 3445 641 3516 student,
664 3443 747 3505 nullo
767 3444 887 3522 negotio
907 3443 1083 3504 stabilient?

129 3541 225 3603 Hanc
242 3543 332 3621 igitur
351 3550 478 3602 statuam
496 3541 637 3602 Lucullus
653 3540 786 3612 abstulit,
805 3560 950 3602 unacum
971 3540 1082 3601 Billari
1091 3556 1184 3610 sosas.

130 3637 293 3721 Spbaeru:l
320 3641 427 3699 ceteris
445 3639 623 3698 omameutis
641 3637 744 3718 oppidi
764 3638 907 3698 abstinuit
930 3637 1079 3718 injuriam.

130 3735 243 3817 Sinope
270 3744 400 3815 recepta,
422 3734 496 3795 nihil
511 3737 578 3814 jam
600 3735 636 3795 iis
656 3734 824 3814 regionibus
845 3734 953 3795 hostile
975 3743 1220 3815 praesumes.

128 3830 286 3893 Amasiarn
298 3840 458 3914 supererat.
501 3830 562 3891 Sed
582 3832 647 3912 ipsa
658 3851 775 3912 quoque
785 3830 878 3912 paulo
890 3830 998 3912 portin
1012 3830 1094 3891 dist.

128 3946 216 3988 onem
228 3929 331 4010 populi
344 3927 477 3988 Romani
489 3931 645 3989 concessit.
1090 3939 1199 4003 Appius.

169 4032 222 4086 24.
244 4024 325 4088 Haec
343 4027 442 4106 agenti
461 4024 589 4086 Lucullo
602 4025 692 4105 legati
713 4045 732 4085 a
752 4045 821 4104 rege
840 4024 1013 4105 Bosporano
1026 4005 1157 4084 sud-9¹¹¹t

128 4132 283 4195 venerunt,
296 4143 436 4185 coronam
449 4143 568 4185 auream
587 4123 666 4184 dono
683 4122 866 4183 afferentes..
890 4122 1011 4190 Quibus
1030 4119 1081 4181 ille
1092 4135 1148 4189 nv.
1159 4132 1227 4200 Epir.

131 4219 261 4299 benigne
273 4222 420 4303 exceptis,
435 4219 610 4284 Macharem
632 4221 751 4280 illonum
763 4240 861 4300 regern
874 4221 987 4303 socium
1006 4217 1094 4281 amb.

130 4337 260 4398 cumque
273 4318 376 4400 populi
390 4317 522 4380 Romani
535 4317 711 4400 appellarit.

162 4455 176 4492 ¹¹
193 4457 286 4508 Billsn'
304 4457 416 4522 Splroero]
433 4455 604 4508 Carantonus
621 4455 654 4508 ad
671 4453 760 4508 Slrsb.
777 4453 891 4520 ingenue
905 4451 1043 4520 profitetur
1054 4469 1082 4506 sa

130 4523 224 4576 deboc
235 4524 449 4590 uibilreperisre.
468 4525 540 4574 Creo.
614 4567 616 4572 .
917 4566 920 4574 .
947 4552 950 4558 ·

242 4643 259 4682 q
305 4646 312 4656 .
