3300 5225
902 586 938 637 'l'-
961 586 1060 637 lalVll

627 736 677 791 14.
700 728 763 792 His
774 736 866 811 atque
879 728 990 791 talibus
1003 730 1102 811 peuci,
1115 737 1147 790 et
1160 728 1309 811 praecipue
1319 728 1362 795 Q.
1374 727 1533 801 Metellum

585 828 777 889 obsbtebant.
819 827 968 889 ‘Vellem
993 827 1154 908 equidem,'
1180 823 1290 908 inquit,
1316 836 1401 887 ‘aut
1425 827 1533 887 civibus

584 926 689 987 nostris
712 924 866 996 modestia,
893 933 946 985 aut
964 924 1080 984 senatui
1104 923 1219 983 animus
1235 924 1433 983 constitisset:
1457 923 1534 983 nulla

583 1023 750 1083 extitissent
762 1023 865 1083 civilia
876 1021 970 1095 bella,
983 1030 1037 1081 sut
1047 1040 1215 1103 compressa
1227 1020 1258 1080 in
1270 1022 1337 1102 ipso
1347 1029 1455 1081 exortu
1467 1020 1533 1079 iuis·

583 1128 649 1180 sent
661 1139 668 1179 :
682 1140 779 1201 neque
792 1140 846 1181 noa
858 1138 943 1181 novis
954 1119 1178 1181 deliberationis
1189 1137 1351 1197 egeremus.
1393 1116 1457 1177 Sed
1468 1118 1534 1197 qnia

584 1218 702 1300 pessimi
723 1218 835 1299 quique
854 1218 956 1278 omnis
972 1214 1095 1287 sudent,
1115 1215 1186 1277 boni
1203 1216 1304 1275 ornnia
1320 1213 1493 1284 formidant,
1507 1215 1533 1273 in

583 1315 661 1375 bunc
675 1314 811 1375 nimirum
824 1323 935 1375 statum
948 1334 994 1375 res
1003 1314 1149 1396 pervenit,
1161 1320 1194 1372 nt
1206 1311 1287 1393 leges
1294 1314 1334 1375 ab
1344 1312 1390 1372 bis
1399 1332 1534 1393 cogamur

583 1413 729 1493 accipere,
744 1414 864 1493 quibus,
876 1413 901 1473 si
914 1411 994 1491 leges
1007 1411 1151 1482 valerent,
1169 1409 1270 1471 nullus
1281 1418 1360 1470 esset
1377 1412 1534 1471 consisten-

582 1508 615 1568 di
628 1518 694 1570 tota
706 1509 800 1570 Italia
814 1510 907 1570 locus.
949 1508 1028 1569 Mihi
1048 1529 1119 1569 anne
1139 1508 1230 1568 etiarn
1250 1507 1362 1568 serrari
1380 1508 1534 1589 rempubli-

510 1600 515 1609 “
583 1625 661 1677 cem,
673 1606 789 1667 consuli
799 1606 928 1677 civibus,
941 1606 1023 1687 perci
1037 1606 1108 1665 vitae
1120 1615 1166 1665 tot
1177 1602 1317 1676 millium,
1330 1604 1414 1685 parci
1427 1604 1535 1665 incolu-

585 1702 681 1761 mitati
701 1703 809 1785 placet.
852 1702 914 1763 Sed
933 1723 999 1762 aera
1019 1703 1085 1762 bisc
1106 1711 1163 1773 est,
1182 1710 1340 1783 postquam
1359 1699 1445 1760 nulla
1458 1702 1536 1760 uobis

584 1808 675 1861 restat
687 1820 749 1880 qua
771 1801 882 1861 serrari
897 1800 1065 1881 respublica
1082 1800 1185 1881 possit,
1203 1796 1400 1859 deliberatio:
1421 1806 1455 1858 et
1474 1798 1535 1862 reli·

584 1898 663 1977 quiis
686 1898 752 1974 ejus
774 1896 1024 1976 quemadmodum
1045 1897 1208 1957 rectissime
1232 1894 1416 1967 consulatur,
1446 1896 1535 1954 ambi·

584 2012 674 2072 guum
695 1992 822 2063 iaciunt,
844 1994 896 2073 qui
910 1992 1050 2074 placitam
1063 2013 1157 2074 nuper
1169 1993 1346 2053 sententiam
1357 1992 1398 2052 ob
1410 1991 1537 2053 duriores

584 2088 730 2171 quosdam
742 2099 868 2149 eventus
879 2098 1075 2150 mutaverunt.

628 2193 676 2246 15.
699 2196 707 2221 ⁶
721 2185 845 2246 Dudum
859 2188 939 2247 enim
951 2206 1076 2249 concors
1087 2194 1208 2247 senatus
1225 2186 1351 2257 censuit,
1363 2196 1470 2248 conns
1481 2188 1536 2247 rin

584 2281 775 2362 lugitivorum
793 2282 973 2353 stenelum,
987 2282 1210 2343 armisdelendi
1226 2282 1441 2364 rempublicam
1456 2304 1536 2364 opor·

585 2388 658 2441 tere.
702 2377 796 2441 Nunc
814 2380 940 2441 eandem
959 2380 1041 2440 illam
1058 2381 1235 2441 sententiam
1252 2379 1397 2441 demant
1408 2378 1537 2461 plerique

585 2476 637 2558 qui
650 2476 790 2547 tulerunt,
805 2477 876 2537 dum
894 2476 1010 2557 legatos
1020 2478 1099 2538 mitti
1105 2479 1227 2557 jubent,
1239 2487 1273 2539 et
1284 2477 1368 2538 velut
1375 2498 1446 2538 cnm
1453 2477 1538 2557 justia

586 2572 718 2636 hostibus
738 2572 776 2634 de
797 2594 873 2656 pace
894 2574 954 2654 egi.
995 2572 1058 2636 Sed
1076 2574 1107 2636 id
1119 2574 1239 2656 quidem
1256 2575 1320 2635 sine
1333 2574 1468 2636 maximo
1480 2583 1538 2634 tum

586 2669 710 2751 pudore,
729 2679 793 2731 tum
810 2671 903 2731 etiem
920 2670 1108 2732 incommodo
1121 2671 1186 2732 lieri
1200 2672 1318 2732 euobis
1335 2673 1450 2752 nequit.
1491 2669 1538 2732 Sic

586 2767 664 2828 enim
677 2769 777 2828 omnia
791 2777 835 2828 tot
848 2769 991 2828 mensium
1010 2767 1132 2830 decreta
1144 2788 1205 2828 una
1218 2787 1311 2850 opera
1330 2768 1537 2836 rescindimus;

586 2871 617 2924 et
630 2883 790 2945 paucorum
805 2861 928 2924 exulum
941 2864 1081 2945 potentiae
1099 2864 1206 2926 cedere
1218 2874 1339 2925 senatus
1356 2866 1538 2944 majestatem

586 2963 734 3042 patimur;
759 2980 855 3042 eoque
879 2960 1072 3022 etmalorum
1096 2960 1305 3022 confirmamus
1321 2959 1492 3033 audaciam,
1511 2971 1539 3022 et

585 3058 680 3118 bonos
693 3077 892 3128 exarmamua,
904 3057 1054 3139 peuloque
1066 3059 1163 3118 minua
1172 3078 1263 3138 quam
1274 3059 1391 3118 vinctos
1398 3059 1539 3119 tradim-

586 3153 724 3214 inimicis.
766 3153 829 3222 Qui
843 3155 923 3214 enim
941 3155 1085 3215 hactenus
1096 3156 1197 3215 omnis
1213 3176 1268 3235 pro
1284 3157 1437 3216 communi
1448 3156 1539 3216 salute

586 3260 700 3333 promte
718 3251 866 3333 enixeque
885 3251 1030 3325 fecerunt,
1043 3253 1154 3334 quique
1171 3253 1280 3314 facturi
1291 3252 1412 3312 inerunt
1429 3262 1538 3334 postea

586 3349 620 3420 ii,
634 3358 752 3428 patrum
769 3350 874 3409 timore
895 3359 1049 3430 perspecto
1070 3349 1173 3422 semel,
1191 3347 1350 3410 concident
1372 3351 1497 3420 animis;
1511 3360 1541 3410 et

587 3447 711 3507 fortasse
739 3467 796 3508 non
820 3456 981 3527 expectato
998 3446 1093 3508 donec
1117 3448 1149 3506 in
1171 3467 1327 3509 commune
1351 3447 1539 3528 transigetur,

587 3545 644 3605 sibi
659 3545 784 3625 quisque
798 3545 940 3626 propitios
960 3545 1051 3605 celeri
1070 3545 1212 3626 obaeqmo
1224 3543 1340 3605 efficere
1353 3543 1449 3617 volet,
1471 3565 1540 3626 quoa

588 3641 679 3722 paulo
692 3655 760 3722 post
773 3641 925 3702 habendos
936 3643 993 3702 sibi
1004 3641 1139 3702 dominos
1152 3637 1341 3703 intellexerit.

629 3743 679 3798 16.
702 3737 830 3819 ‘Atque
845 3738 910 3818 ipsa
928 3737 982 3798 illa
999 3737 1173 3816 transfugia,
1192 3739 1302 3818 quibus
1313 3739 1450 3798 concussi
1470 3759 1541 3818 qno·

589 3833 714 3894 rundam
736 3835 825 3895 animi
844 3836 1084 3906 conuemiacuut,
1103 3837 1142 3895 ab
1162 3838 1219 3897 hac
1237 3835 1424 3897 dubitatione
1437 3837 1540 3914 magia,

589 3952 679 4012 quam
693 3933 732 3991 ab
753 3930 818 3991 ulle
830 3931 892 3992 alia
909 3952 1000 3994 causa
1016 3933 1151 4014 proiecte
1166 3942 1255 3993 aunt:
1277 3935 1422 3993 mansuris
1435 3935 1466 3994 in
1485 3932 1540 3992 tide

589 4029 748 4110 plerisque,
772 4029 797 4088 si
820 4039 934 4110 quanto
953 4040 1062 4091 conatu
1082 4031 1246 4113 oppugnari
1264 4031 1482 4112 rempublicam
1500 4032 1541 4092 vi·

589 4123 673 4197 dent,
691 4135 774 4186 tento
787 4145 930 4187 consensu
942 4127 1159 4188 defenderetur.
1200 4126 1317 4189 Contra
1328 4129 1439 4189 famem
1450 4128 1542 4189 multa

590 4222 720 4284 remedie
731 4225 916 4301 excogitavit
929 4226 1096 4286 necessitas.
1139 4224 1328 4286 conferendo
1340 4227 1371 4285 in
1390 4225 1542 4306 publicum

701 4431 712 4457 ⁰
733 4425 765 4480 Q.
776 4423 901 4490 Metellae]
925 4425 1051 4478 viduet.
1065 4427 1098 4479 ad
1109 4433 1253 4492 nxxnvql.
1264 4427 1342 4480 infra.
1360 4429 1432 4478 cm.
