3300 5225
376 602 482 653 tratti
508 600 683 653 LXXXVI.
704 602 1029 655 socraticarum«.

148 752 264 826 tempus
289 744 360 805 anui
385 745 474 805 rebus
498 743 633 825 gerendis
658 746 791 829 ineptum
816 758 891 821 erat,
914 746 1099 830 bybcrnandi

147 860 238 903 musa
257 844 286 903 in
307 842 503 925 Cappadocia
521 844 661 905 substitit.

187 949 238 1003 1³.
262 940 310 1003 De
323 942 368 1005 bis
382 942 583 1014 Mithridates,
596 951 660 1003 tum
677 941 716 1002 ed
734 940 853 1021 Syllam
865 942 972 1015 missis,
984 953 1048 1005 tum
1061 943 1101 1004 ad

147 1048 280 1099 anatum
301 1039 418 1119 legatis,
432 1041 627 1120 querebatur:
650 1049 659 1077 ‘
677 1038 788 1099 Omnia
800 1058 832 1099 se
844 1038 960 1112 fecisse,
973 1040 1100 1113 dedisse,

147 1154 216 1215 quor
228 1155 269 1197 cx
282 1134 407 1198 formula
418 1136 537 1197 foderis
549 1144 581 1197 et
592 1134 652 1196 fide
664 1136 744 1195 bona
759 1134 824 1195 lieri
836 1134 902 1195 dori
914 1139 1100 1217 oportuisset.

150 1230 299 1295 Romanis
312 1232 432 1306 Asiam,
452 1234 570 1313 regibus
582 1231 820 1315 Cappadociam,
835 1232 1022 1315 Bithyniam,
1036 1235 1101 1296 Pa·

147 1330 338 1411 pblagouiam
351 1324 530 1392 restituist'e:
551 1332 704 1392 recessisse
723 1330 803 1391 intra
818 1330 908 1411 patrii
925 1332 1006 1410 regui
1024 1333 1101 1393 limi·

147 1436 202 1500 tes,
216 1428 444 1509 longissimeque
465 1438 609 1490 remotum
623 1448 643 1489 a
654 1428 779 1488 consilio
796 1428 885 1488 simul
903 1438 935 1489 et
945 1431 1102 1491 occasione

1172 589 1261 657 4681

148 1522 282 1587 Romani
305 1526 376 1587 belli
397 1526 601 1588 diversissimis
623 1525 697 1588 locis
714 1523 854 1585 adversm
867 1524 1000 1587 Colchos
1012 1536 1101 1607 atque
1153 1564 1159 1577 ·

149 1620 339 1705 Bosporsnoe
351 1624 515 1685 dimicasse.
558 1624 635 1685 Cum
650 1621 735 1683 nulla
754 1632 931 1705 provocatas
944 1624 1101 1704 injuriab.

148 1718 288 1794 Murena,
304 1742 392 1803 quem
409 1722 443 1783 L.
459 1721 550 1803 Sylla
566 1742 634 1783 cum
653 1722 776 1801 imperio
789 1722 820 1781 in
833 1720 913 1781 Asia
924 1720 1101 1802 reliquimet,

146 1818 335 1901 irruptionem
356 1820 386 1881 iu
400 1818 473 1881 fines
489 1840 556 1881 suos
569 1819 681 1890 iecerit,
703 1820 788 1879 urbes
800 1818 988 1899 expugnarit,
1002 1820 1101 1901 prusi-

146 1914 198 1976 dia
216 1917 298 1997 regia
310 1918 434 1997 ejecerit
453 1927 506 1977 aut
518 1918 671 1988 occiderit,
685 1926 727 1987 et,
745 1916 911 1998 quamlibet
931 1928 1101 2007 occurrente

146 2012 273 2085 nemine,
281 2014 383 2076 divina
394 2015 481 2075 simul
490 2016 663 2077 acbumene
671 2014 828 2076 latrocinio
841 2034 877 2074 ao
891 2016 1001 2095 supinis
1009 2034 1101 2074 vexa·

145 2110 231 2171 verit.
264 2110 334 2173 Nec
346 2112 425 2173 bunc
442 2112 614 2192 injuriarum
637 2110 725 2172 finem
742 2112 842 2173 facere
854 2114 1051 2183 constituisse,
1070 2114 1102 2172 in

147 2206 351 2291 Cappadociae
368 2210 509 2291 hybernis
529 2212 691 2271 exemimus
709 2219 870 2281 tenentem,
884 2218 928 2280 ut,
948 2211 1101 2292 quampri-

146 2325 226 2366 mum
240 2316 358 2390 tempus
370 2308 439 2369 anni
452 2318 613 2389 pateretur,
628 2306 828 2387 redintegrare
843 2306 956 2367 bellum
972 2315 1096 2387 posset..

147 2434 153 2443 ·
187 2410 237 2465 14.
259 2404 469 2487 ‘Magnopcre
489 2406 578 2486 igitur
597 2406 757 2487 postulare,
781 2416 900 2465 sensura
921 2404 1023 2465 datam
1042 2404 1101 2465 sibi

145 2518 250 2579 pacem
270 2490 399 2581 prestet,
422 2498 579 2563 Murenam
605 2510 735 2574 revocet,
757 2520 803 2561 res
832 2500 965 2573 reddere,
986 2500 1099 2561 bellum

145 2597 292 2670 omittere,
311 2598 427 2680 injuriis
449 2598 595 2660 obstinere
610 2599 727 2679 jubeat.
770 2596 811 2659 Se
825 2619 879 2658 nec
891 2598 1098 2659 antealuben·

143 2701 191 2753 ter
219 2713 303 2756 arma
327 2705 432 2756 contre
461 2695 617 2768 Romanos
636 2695 778 2766 induisse,
796 2704 829 2755 et
848 2715 927 2756 nuuc
946 2714 1100 2775 passurum

144 2791 246 2850 omnia
263 2793 371 2872 potius,
386 2812 476 2872 quarn
495 2794 601 2852 athos
619 2793 725 2854 iterum
743 2793 843 2852 bostes
857 2793 978 2853 babeat.
1020 2790 1099 2850 Pro·

143 2887 305 2950 ridendum
318 2898 418 2951 tamen
431 2891 577 2971 patribus,
596 2910 632 2950 ue
645 2889 757 2950 talibus
773 2888 862 2950 factm
878 2909 917 2950 ea
936 2887 1101 2950 invalescet

145 2985 226 3065 apud
243 3005 327 3065 reges
344 2995 375 3047 et
396 2987 532 3048 nationes
549 2989 660 3069 opinio,
681 3007 784 3068 parum
803 2989 954 3058 interesse,
974 2987 1046 3046 socii
1062 3006 1100 3045 au

144 3101 215 3142 vcro
235 3081 333 3143 bootes
349 3083 452 3165 populi
467 3082 598 3144 Romani
617 3085 793 3146 habeantur.
836 3084 921 3144 Nam
935 3083 1100 3166 cupiditate

143 3178 265 3250 ducum,
280 3179 401 3240 licentia
414 3180 550 3252 militum,
563 3180 681 3242 sublato
698 3180 780 3261 quod
795 3181 935 3242 interesse
952 3181 1102 3242 debuisset

143 3274 326 3348 discrimine,
338 3277 401 3358 peri
411 3277 554 3337 violentia
563 3285 594 3338 et
605 3277 767 3338 acerbitate
779 3299 881 3338 omnes
890 3277 1030 3339 tmcmri!
1052 3275 1100 3335 Si-

144 3373 230 3433 milis
242 3393 360 3453 quoque
373 3373 516 3435 mandata
529 3374 567 3436 ad
582 3373 698 3456 Syllam
710 3374 854 3445 dederat;
870 3375 1101 3456 adjunctisque·

144 3471 331 3550 singulariter
344 3471 427 3532 illum
441 3474 640 3554 attingebant,
653 3475 705 3556 qui
716 3476 799 3558 pacis
812 3478 876 3554 ejus
889 3483 1003 3545 auctor,
1016 3493 1100 3552 mag-

143 3585 182 3626 na
195 3585 216 3626 a
229 3583 298 3648 rega
312 3569 350 3629 ad
364 3569 477 3632 bellum
492 3573 656 3652 accepisset
668 3572 792 3643 auxilia,
806 3576 923 3652 majora
941 3582 1101 3655 expectare

142 3672 251 3744 posset.
295 3664 375 3728 Haeo
388 3677 474 3729 eraut
486 3671 634 3749 superiore
653 3691 732 3730 anno
745 3669 837 3731 lacte.

184 3768 235 3821 15.
258 3762 337 3824 Gaio
359 3785 430 3826 vero
454 3765 567 3838 Msrio,
590 3765 648 3826 Cu.
668 3766 807 3828 Carbone
831 3767 1013 3840 consulibus,
1032 3790 1101 3829 cum

143 3859 275 3920 nondum
302 3863 410 3922 reversi
434 3862 536 3923 Roma
560 3862 651 3943 legati
674 3875 780 3936 essent,
809 3865 950 3936 Murena,
975 3867 1100 3926 transito

143 3955 235 4037 Haly
246 3956 349 4030 fluuio,
358 3959 411 4040 qui
423 3967 454 4019 ct
467 3960 541 4020 alias
552 3961 690 4041 copiosus
703 3963 799 4042 aquis,
810 3971 873 4022 turn
883 3963 1030 4022 continuis
1043 3963 1099 4022 im·

141 4053 244 4113 bribus
256 4075 347 4134 supra
365 4054 484 4116 solitum
503 4057 693 4129 intumuerat,
714 4057 786 4118 lines
800 4055 986 4118 Mithridatis
1005 4057 1100 4118 libera

142 4148 336 4235 populatione
361 4151 555 4232 persultavit;
585 4173 653 4232 rege
679 4174 824 4233 nusquam
848 4163 1031 4223 occurrente,
1060 4164 1098 4214 'ne

141 4245 224 4306 bello
236 4265 358 4306 causam
372 4247 486 4308 dedime
499 4259 678 4328 argueretur.
715 4250 766 4310 Sic
780 4249 937 4310 Romanus
949 4250 980 4309 in
995 4248 1097 4331 Pbry-

142 4343 222 4422 giam
238 4341 528 4425 Gallograeciamque
541 4355 663 4406 onustus
678 4345 779 4426 prmda
796 4347 925 4406 recessit.

185 4443 234 4500 16.
257 4439 307 4502 lbi
325 4443 463 4502 convenit
484 4463 551 4504 eum
573 4445 677 4504 missus
694 4445 733 4504 ab
751 4455 854 4506 senatu
869 4441 1027 4515 callidius,
1042 4444 1094 4524 qui

207 4551 480 4620 Demetl'araew.
674 4559 769 4610 tinius.

1079 4556 1189 4610 ·ltY
