3300 5225
366 566 470 617 ursas
496 565 656 616 nxxxrr.
678 565 1004 658 suercsupsruu.
1173 547 1262 615 ⁴62⁷

144 705 295 776 trucidati.
338 706 507 768 Archelaus
528 715 628 770 tamen
649 710 743 770 erasit
762 708 932 781 discrimen,
957 705 1099 792 paludum
1111 715 1213 784 areop.

147 805 279 877 latebris,
299 826 353 887 per
372 804 495 866 biduum
515 805 699 867 occultatus:
721 807 810 867 tertio
821 806 941 867 demum
953 805 1003 867 die
1017 808 1100 867 navi·
1111 783 1180 835 Prot.

145 904 246 964 culam
268 913 382 975 nactus,
402 925 465 988 qua
483 903 661 966 Chalcidem
680 906 839 984 trajiceret.
883 903 945 977 Ibi,
959 902 1101 986 quicquid
1112 913 1220 980 Appias.

145 1019 272 1080 usquam
286 1002 432 1079 regiarum
443 1002 595 1082 copiarum
615 1002 788 1083 propinquis
799 1001 969 1080 regionibus
981 1001 1100 1080 agebat,
1132 1005 1133 1010 ’

146 1117 261 1157 musmo
274 1097 372 1158 studio
384 1099 558 1159 contrahere
570 1108 694 1160 conatus
703 1106 765 1168 est;
787 1106 822 1157 ut
834 1098 939 1159 saltem
954 1099 1101 1159 Euboeam

146 1202 274 1260 teneret,
283 1193 381 1255 donec
394 1194 544 1256 meliorem
557 1196 689 1276 aliquam
699 1215 782 1276 spem
794 1196 961 1278 repetenda
973 1193 1100 1256 Graecia

145 1309 231 1350 casus
243 1290 354 1371 aliquis
366 1291 523 1352 attulisset.

185 1393 238 1447 35.
260 1385 350 1467 Sylla
373 1396 494 1467 postero
515 1387 564 1448 die
587 1408 678 1468 quam
704 1387 806 1470 praelio
828 1391 922 1450 victor
947 1389 1099 1458 extiterat,

147 1483 300 1543 tribnrmm
311 1473 424 1544 vallari
437 1503 558 1555 corona,
572 1484 682 1546 multos
700 1485 808 1546 deinde
829 1487 906 1547 alios
924 1485 1101 1547 militaribus

147 1579 234 1640 donis
243 1580 466 1649 cohonestavit3
488 1580 606 1641 virtutis
621 1601 724 1654 causa,
743 1591 775 1642 et
790 1582 923 1663 alioquin
940 1581 1100 1644 retinendas

147 1676 295 1736 exercitus
319 1675 466 1737 voluntati
488 1679 621 1758 pecorum
646 1677 791 1760 profusus.
834 1679 969 1760 Direptis
993 1677 1101 1740 deinde

149 1771 276 1834 Bantia
296 1772 425 1854 oppidis,
446 1783 594 1855 quotquot
613 1763 717 1834 iterum
739 1775 778 1836 ad
800 1777 896 1854 rugios
919 1773 1101 1850 defecerant,

147 1877 179 1928 et
191 1867 388 1940 Anthedone,
403 1869 564 1951 Larymna,
573 1869 728 1952 Aiacisque
740 1873 860 1942 eversis,
874 1873 904 1932 in
917 1871 1100 1934 Thessaliam
1112 1887 1178 1940 Pina.

147 1966 321 2046 hyematum
337 1968 472 2027 transiit:
493 1969 581 2028 simul
599 1970 728 2030 intentus
748 1969 777 2030 iu
797 1969 900 2030 Flacci
914 1969 1048 2042 consilia,
1061 1971 1101 2030 si-
1112 1953 1221 2020 Apim·

148 2063 209 2123 mul
223 2073 400 2144 quaestorem
417 2075 591 2147 expectans,
604 2087 693 2148 quem
706 2067 746 2128 sd
757 2067 883 2128 classem
896 2066 1102 2128 adducendam

148 2163 297 2222 emiserat.
339 2163 465 2222 Interim
478 2165 541 2244 ipse
553 2164 700 2225 fabricare
712 2185 752 2225 ex
764 2165 902 2246 prmscnti
912 2165 999 2246 copia
1012 2184 1104 2225 neves

149 2260 293 2320 instituit:
314 2259 436 2342 qnando
449 2281 545 2341 neque
560 2262 715 2335 Lucullus,
728 2283 824 2342 neque
843 2271 940 2322 certus
960 2271 1013 2322 aut
1031 2281 1103 2322 eon·

148 2367 230 2419 stans
242 2356 282 2418 de
293 2378 331 2418 eo
342 2378 441 2419 rumor
452 2358 643 2422 adventabat.

188 2463 240 2516 au.
263 2454 325 2516 Sed
338 2456 401 2528 ille,
411 2465 568 2538 postquam
581 2458 620 2519 ad
632 2457 705 2518 b'elli
717 2458 888 2518 societatem
902 2455 1010 2518 adduci
1024 2457 1102 2518 Pto·
1114 2465 1181 2518 Pina.

149 2552 271 2615 lemnus
287 2556 442 2636 nequibat,
462 2555 598 2629 naribus,
612 2557 719 2637 quibus
741 2554 876 2638 Cyprum
896 2554 1102 2629 deduceretur,
1113 2531 1267 2584 mlum&

149 2651 291 2733 acceptis,
316 2672 356 2712 ex
381 2653 593 2714 maritimarum
618 2654 783 2726 civitatum,
807 2673 882 2734 quas
906 2660 1013 2735 preater
1035 2652 1105 2714 vela

149 2737 292 2822 faciebat,
306 2750 429 2810 auxiliis
441 2750 589 2811 modicam
601 2751 727 2811 classem
745 2750 925 2830 collegerat:
947 2759 988 2821 et,
1002 2749 1105 2811 vitatis

149 2848 313 2928 piratarum
333 2848 457 2920 insidiis,
475 2846 621 2909 Rhodum
641 2849 793 2930 appulsus,
811 2848 945 2908 aaeumtis
964 2844 1103 2909 Rhodio·

149 2966 215 3006 rum
234 2932 371 3016 navibus,
390 2944 471 3006 Coos
489 2946 581 3007 etiam
594 2954 626 3007 et
638 2945 774 3018 Cnidios,
787 2954 832 3017 nt,
845 2945 950 3025 ejectis
962 2945 1103 3005 barbaro-

150 3062 215 3103 rum
227 3041 383 3123 prmsidiis,
397 3060 479 3102 mma
489 3062 591 3103 secum
603 3046 634 3103 in
647 3042 765 3104 Samios
775 3042 896 3114 ferrent,
908 3041 1073 3123 impulerat.

192 3145 243 3203 ³7.
266 3138 383 3199 Eadem
400 3148 515 3212 mstate,
533 3161 594 3220 qua
611 3140 757 3201 bellatum
769 3142 799 3200 in
814 3140 932 3201 Boeotia
944 3149 1018 3211 erat,
1040 3138 1104 3198 Mi·
1115 3146 1221 3213 appio.

150 3236 502 3317 tlrridatespostprimam
512 3238 658 3299 Archelai
665 3237 794 3311 cladem,
802 3237 916 3299 sevius
924 3238 1065 3316 ingenita,
1074 3245 1105 3298 et

150 3330 305 3393 levitatem
319 3333 534 3404 Asiaticorum,
545 3355 582 3394 ne
592 3354 660 3395 cum
672 3333 790 3395 fortuna
802 3342 949 3395 mutarent
962 3334 1103 3405 animum,

152 3430 281 3499 verium
303 3448 449 3511 occupare
466 3428 622 3511 perfidiam
642 3430 703 3491 alia
723 3429 860 3513 perfidia,
881 3438 913 3491 ct
935 3430 1104 3511 priusquam

152 3528 337 3587 occasionem
364 3526 490 3587 nocendi
515 3526 756 3609 adipiscerentur,
783 3526 897 3609 auterre
927 3534 1104 3609 potestatem

151 3623 268 3695 statuit,
281 3633 492 3705 suspectosque
510 3627 618 3707 passim
639 3634 673 3685 ut
690 3627 723 3685 in
735 3646 824 3687 manu
837 3626 971 3697 haberet,
984 3644 1104 3706 operam

152 3720 246 3782 dedit
287 3720 371 3781 Ante
392 3724 494 3783 omnia
514 3722 729 3803 Gallograecos,
750 3729 898 3803 quotquot
920 3708 1123 3783 Tetrarchici'

152 3819 267 3896 pneris
278 3827 376 3889 erant,
391 3820 530 3880 amicitiae
542 3822 641 3903 specie
654 3820 838 3900 Pergamum
856 3826 996 3880 evocatos
1007 3827 1104 3878 sustu·

153 3914 205 3975 lit:
225 3934 297 3976 cnm
309 3917 438 3997 ipsorum
452 3918 575 3979 insidias
587 3919 639 3979 rix
651 3918 800 3978 evitasset.

193 4018 245 4074 38.
266 4010 321 4071 Ad
334 4014 490 4092 sexaginta
502 4035 624 4076 numero
635 4023 843 4086 convenerant,
856 4023 887 4074 et
903 4033 971 4075 curn
990 4010 1105 4072 servili·
1134 4032 1200 4082 Pius.
1213 4031 1244 4080 ds

153 4118 199 4169 ter
218 4130 251 4169 se
272 4110 377 4169 haberi
395 4121 558 4185 cernerent,
579 4114 818 4194 conspiraverant
841 4112 871 4172 in
891 4130 994 4171 necem
1018 4112 1104 4188 regis.
1117 4096 1268 4212 {inconqu-

154 4205 317 4286 Praecipuo
340 4197 445 4267 rolrore
469 4208 635 4271 'l'oredorix
659 4208 783 4290 quidam
808 4217 883 4279 erat,
908 4207 1105 4289 Tosioporum
1136 4168 1253 4213 ‘m’

152 4302 313 4362 tetrarcha.
355 4301 389 4361 Is
401 4302 605 4366 Mithridatem
617 4308 647 4365 in
659 4305 814 4386 gymnasio
821 4304 1029 4385 jusdicentem
1037 4322 1105 4363 cum

154 4399 219 4480 ipso
237 4398 379 4460 tribunali
398 4402 428 4461 in
448 4422 579 4486 praeceps
594 4404 728 4477 daturus,
741 4424 807 4464 curn
824 4403 900 4464 forte
924 4423 961 4463 eo
978 4402 1027 4463 die
1043 4400 1105 4482 Mi·
