3300 5225
381 577 485 630 ιιιιιι
510 536 950 634 incastraturarum
1142 567 1230 638 478⁵
1258 605 1269 624 ·

109 729 173 790 que
188 709 343 792 prudentia
355 711 595 776 atmoderatioue
608 703 802 797 temperabat.
834 717 924 778 Uxor
933 716 1068 779 eioriun·
1126 708 1130 716 ¹

106 807 151 868 da
166 808 301 870 indidem
313 808 417 870 aderat
426 831 436 880 ς
457 829 525 891 quae
545 810 689 874 Bacchici
706 814 833 874 numinis
849 800 1012 896 plenamse
1023 815 1068 876 fe·

106 925 195 978 rens,
208 925 270 986 quc
281 906 408 988 primum
426 915 559 988 tempore
577 905 842 978 Romam,veualis
853 918 900 972 est
910 911 1068 986 deductus,

105 1012 276 1084 conspecto
296 1003 424 1066 dracone
444 1005 527 1066 circa
546 1004 718 1068 dormientis
733 1017 825 1088 eaput
842 1010 934 1069 instsu
952 1029 1069 1070 corona
1192 1049 1198 1066 r

105 1101 290 1174 convoluto,
303 1121 441 1181 maguam
452 1103 519 1164 vira
531 1105 693 1183 potentiam
706 1103 897 1186 praedixerat.
937 1105 1069 1186 Cognito

104 1199 269 1260 bominum
280 1200 416 1272 canalio,
429 1172 529 1260 statirrl
541 1221 581 1264 ex
595 1201 708 1284 oppido
726 1213 872 1264 venerunt
883 1205 1003 1277 armati,
1016 1207 1069 1286 qui

104 1319 162 1360 eoa
183 1319 224 1361 ex
244 1299 316 1378 fuga
332 1299 587 1380 reprehenderent.
629 1300 694 1361 His
709 1300 782 1362 irtus
800 1301 981 1383 fugatisque,
998 1323 1068 1365 cunr

104 1397 214 1458 multa
228 1395 461 1458 armamilitaris
472 1399 631 1479 cepissent,
648 1399 775 1479 abjectis
792 1399 988 1479 gladiatoriis,
998 1421 1067 1484 quse

103 1495 250 1567 aderant,
261 1493 316 1554 illa
328 1492 391 1555 lati
402 1493 669 1575 gratulabundique
681 1505 857 1559 sumserunt.

146 1599 186 1654 8.
208 1591 294 1653 Inter
310 1593 376 1653 baec
399 1590 545 1653 Claudius
567 1592 703 1654 Pulcher
730 1593 857 1673 legatus,
878 1614 947 1656 curn
972 1596 1068 1658 tribus
1078 1617 1212 1687 issaar.

103 1689 248 1751 millibus
265 1699 442 1752 armatorum
459 1709 498 1750 ex
517 1689 602 1750 Urbe
620 1691 763 1761 accurrit;
785 1699 817 1752 et
837 1692 877 1752 ad
899 1691 1066 1754 Vesuvium
1078 1701 1144 1754 Plut-

103 1795 257 1860 montem,
270 1806 330 1868 quo
339 1786 386 1847 illi
397 1807 429 1848 ae
440 1794 624 1869 receperant,
634 1789 739 1848 castus
747 1789 862 1869 positis,
877 1788 1001 1862 adibrrn,
1014 1791 1067 1870 qui

102 1887 218 1946 unicus
228 1904 265 1946 ea
277 1893 373 1966 parte,
388 1893 477 1966 atque
492 1883 518 1943 is
529 1883 648 1945 difficile
662 1893 762 1946 umen
780 1893 812 1946 et
822 1885 996 1968 impeditum
1009 1887 1067 1948 iter

102 1981 279 2062 praebebat,
300 1982 427 2044 obsedit
469 1979 524 2041 Illi
542 1981 640 2044 nullas
652 1983 734 2043 circa
744 1984 897 2056 stationes,
909 2003 972 2064 qua
983 1985 1066 2046 inac-
1077 1997 1143 2050 velt
1152 1997 1217 2051 tta.

102 2099 213 2138 cessus
226 2078 394 2152 videbatur,
411 2077 589 2159 conspicati,
601 2099 654 2161 per
666 2079 793 2160 abrupta
803 2100 952 2162 cavasque
963 2080 1066 2142 fauces
1075 2063 1202 2178 Ἠῶ.
1208 2144 1227 2179 1·

102 2177 230 2238 catenis
241 2197 279 2254 ex
292 2178 354 2240 vite
368 2178 504 2259 sylvestri
514 2176 656 2241 coniectis
668 2197 698 2237 se
711 2177 899 2250 demiserunt,
910 2197 970 2238 uno
979 2176 1064 2238 relic·
1076 2198 1101 2242 s.
1114 2198 1157 2247 ιι.

101 2283 149 2347 to,
177 2274 245 2354 qui,
261 2274 385 2355 dejectis
399 2277 498 2348 aruns
519 2283 665 2360 postremo
682 2275 746 2356 ipse
764 2295 882 2356 quoque
901 2273 1065 2336 descendit

103 2371 278 2453 Spartacus
290 2381 446 2454 postquam
459 2375 622 2436 incolumes
639 2391 740 2433 omnes
751 2374 874 2454 recepit,
883 2371 985 2433 solerti
997 2391 1065 2432 curu

102 2469 241 2530 audacia
250 2470 352 2532 statim
362 2469 402 2536 ad
414 2481 512 2533 castra
530 2471 737 2532 Romanorum
754 2470 854 2542 duxit,
871 2479 903 2531 et
914 2470 1065 2552 improvisi

102 2565 237 2649 periculi
248 2569 483 2631 consternatione
497 2571 539 2631 ita
551 2568 655 2629 terruit
669 2550 843 2639 Claudiurn,
855 2575 892 2629 ut
900 2568 980 2649 turpi
992 2565 1065 2646 fuga
1075 2585 1147 2637 om,

1076 2257 1141 2306 Flor.

1076 2321 1145 2374 Plut.

101 2664 218 2725 castris
240 2664 373 2737 desertis,
396 2664 512 2746 aliquot
532 2663 668 2726 cobortes
685 2671 813 2743 quatuor
827 2672 860 2724 et
879 2664 1066 2746 septinginta
1077 2684 1186 2736 Pronus

101 2760 328 2841 gladiatoribus
340 2760 488 2823 cederent.

144 2865 181 2918 4.
205 2854 272 2918 Res
293 2876 451 2938 prospera,
467 2864 502 2918 ut
521 2856 640 2930 assolet,
658 2857 759 2918 statiua
774 2856 1063 2931 inveneruntsocics,
1075 2874 1142 2926 Plus.

100 2953 256 3034 multique
268 2962 411 3034 pastores,
423 2952 530 3013 durum
542 2963 574 3014 et
585 2954 691 3035 pernix
708 2972 811 3032 genus,
825 2962 1012 3015 accesserunt
1023 2952 1064 3014 ad

100 3058 232 3133 partes:
251 3068 376 3130 quorum
392 3050 623 3111 robustiaimum
639 3070 786 3132 quemque
796 3050 925 3111 amavit
938 3047 1062 3131 Sparta·
1098 3037 1100 3044 ’

100 3168 173 3219 cus,
195 3145 327 3227 reliquos
348 3154 565 3207 antecursorum
590 3155 622 3207 et
645 3145 771 3233 velitum
795 3164 920 3206 numero
945 3146 1062 3207 babuit.

101 3243 249 3305 Servitiis
260 3242 368 3303 deinde
381 3242 594 3323 ergastulisque
614 3243 782 3321 concitatis,
795 3262 865 3303 cum
876 3241 1011 3303 celeriter
1022 3241 1062 3303 ad
1074 3270 1128 3325 ω,
1140 3272 1208 3340 qu·

99 3341 263 3402 bominum
275 3339 373 3400 millia
385 3338 487 3399 decem
500 3340 669 3410 coivissent,
676 3336 757 3419 quad
767 3331 913 3399 umorum
922 3348 988 3399 erat
997 3340 1061 3399 ino·
1072 3368 1138 3423 Flos.

100 3438 170 3520 pia,
185 3435 436 3498 scutaexvimine
450 3433 544 3497 dedit.
587 3434 719 3516 Eratque
728 3436 754 3494 is
762 3432 862 3495 facilis
872 3434 957 3495 labor
968 3435 1063 3496 solitis
1089 3468 1224 3521 &ulma

99 3554 183 3597 vasa
199 3534 329 3613 agrestia
346 3553 386 3593 ex
405 3532 563 3594 viminibus
580 3540 715 3593 nectere:
736 3538 768 3591 et
781 3552 960 3613 unoquoque
971 3531 1061 3595 ae'ad
1074 3550 1112 3583 ιι·

99 3650 175 3693 eam
188 3640 283 3693 artem
295 3632 326 3691 in
339 3630 464 3691 sormam
483 3630 625 3711 equestris
642 3648 752 3711 parma
770 3638 913 3702 numa,
925 3629 1062 3691 celeriter
1073 3598 1156 3715 iffi*
1167 3614 1188 3652 ¹⁴
1197 3604 1224 3651 ⁷⁶

99 3728 247 3791 coniecta
269 3748 316 3789 res
337 3737 393 3789 est.
437 3727 514 3787 Mox
533 3728 671 3789 maemtis
688 3727 854 3808 pecoribus,
872 3746 990 3808 parmas
1009 3748 1060 3789 co·
1072 3728 1171 3779 &flatt-
1244 3747 1246 3753 ⁴

98 3827 294 3909 operiebant,
307 3845 375 3887 curu
389 3824 471 3886 coria
482 3844 583 3885 recen
590 3824 725 3885 detracta
734 3825 820 3905 quasi
833 3824 947 3904 glutino
959 3824 1060 3887 adbre-

97 3933 265 3986 rescerent.
309 3922 400 3983 Ferro
418 3921 488 3983 dein
506 3920 720 4000 ergastulorum
740 3929 870 3993 recocto,
892 3920 1007 4002 gladios
1023 3941 1060 3982 ac
1071 3922 1138 3975 flor·

98 4020 172 4083 tela
183 4019 380 4081 fabricabant.
1324 4078 1328 4086 ,

145 4124 181 4177 5.
202 4114 266 4177 His
285 4117 374 4176 rebus
385 4114 522 4175 festinare
535 4122 656 4176 coactus
669 4113 711 4174 P.
723 4112 869 4183 Vatinius
880 4121 998 4194 prator,
1011 4112 1060 4172 cui
1070 4112 1126 4165 ltv.
1137 4111 1205 4181 Erit·
1327 4137 1330 4144 ·

97 4223 226 4279 sanam
239 4214 388 4293 negotium
400 4220 487 4274 extra
497 4212 631 4273 ordinem
650 4210 785 4283 dederat,
803 4230 871 4272 cum
878 4212 961 4289 justo
973 4230 1058 4270 exer·
1071 4216 1178 4283 Appias.

97 4314 184 4381 citu,
196 4310 248 4371 sed
266 4309 457 4373 tumultuarie
476 4308 653 4390 conscripto,
675 4307 806 4368 advenit.
847 4305 910 4367 Sed
929 4305 1058 4385 legatum
1070 4306 1138 4361 Plus.

97 4412 178 4491 ejus
194 4406 315 4467 Furium
328 4426 397 4468 cum
414 4405 531 4467 duobus
548 4404 680 4467 millibus
697 4403 828 4467 militurn
848 4403 1028 4485 praeminum
1040 4422 1061 4465 a
