3300 5225
349 583 454 635 urnnr
479 580 656 634 nxxxrv.
674 551 1001 636 surrunrrsrrrurr.

113 741 182 806 num
195 726 306 790 metit.
336 726 455 788 Idcirco
468 724 540 786 nihil
552 725 600 786 liis
611 725 698 786 rebus
711 733 868 786 srocstum
880 733 933 786 sut
943 724 1067 786 deterri-
1130 794 1134 801 ⁵

112 833 189 896 tum,
208 844 266 884 nnn
287 824 373 885 aliter
390 825 487 886 hostes
505 821 607 904 populi
623 821 755 884 Romani
773 823 857 902 grsvi
868 825 1068 904 continuoque
1086 860 1090 868 ι

1143 565 1249 635 465Τ

111 919 195 980 bello
216 929 400 1002 persecutum
420 941 495 992 esse,
516 939 606 1001 quom
627 920 653 980 si
670 919 771 980 omnis
790 919 873 980 domi
894 919 1068 1000 tranquillo,
1175 895 1208 1004 ⁸¹

111 1017 228 1099 sibique
250 1037 391 1100 prospero
410 1027 442 1078 et
461 1016 592 1077 furentis
608 1015 741 1076 luissent.
783 1014 858 1075 Non
878 1015 1066 1097 supplemen-

112 1124 176 1173 tum
197 1116 266 1186 sibi,
280 1135 338 1176 non
359 1121 568 1182 commentum,
587 1131 645 1172 non
658 1111 813 1193 pecuniam
827 1120 882 1172 eut
894 1131 976 1172 srms
987 1131 1065 1172 sum-

112 1210 221 1270 misso:
236 1229 291 1271 nec
303 1231 340 1272 eo
351 1211 446 1271 secius
459 1227 511 1291 pro
524 1207 628 1269 eodem
641 1207 695 1269 illu
704 1207 797 1268 Itnliu
810 1217 901 1288 utque
912 1207 968 1269 illo
980 1207 1067 1268 Urbe

112 1327 199 1366 suum
222 1327 331 1389 corpus
352 1305 551 1368 infensissimis
566 1304 698 1366 hostibus
720 1303 874 1384 objecisse,
893 1323 984 1384 quem
1002 1303 1067 1384 ple·

113 1421 183 1462 num
197 1403 318 1484 quidem
330 1404 423 1464 etium
435 1404 579 1463 bonorum
599 1401 843 1481 honestorumque
860 1400 1001 1471 virorum,
1014 1399 1068 1459 sed

113 1509 214 1561 tumen
236 1520 256 1561 n
277 1499 394 1562 diverse
413 1499 543 1562 lectione
558 1517 728 1580 oppressam
746 1505 837 1578 etque
856 1505 992 1558 eoscum
1010 1496 1068 1559 sibi

113 1595 264 1658 odvemuri
275 1597 382 1657 sciret'

153 1701 186 1756 3.
208 1693 284 1755 Non
307 1695 418 1774 injuste
437 1694 553 1754 senatui
575 1691 709 1755 conditio
725 1641 910 1754 videbatur:
938 1691 992 1753 sed
1015 1712 1133 1774 per-15„
1141 1717 1209 1784 Epir.

114 1789 285 1851 Carbonem
306 1793 428 1872 ejusque
448 1790 601 1864 satellites,
624 1791 732 1872 quibus
753 1782 865 1850 bellum
888 1788 971 1850 cordi
993 1799 1067 1863 eret,

112 1886 255 1948 effectum
267 1895 361 1948 estne
378 1888 558 1950 conveniret.
601 1887 686 1955 Quin
701 1896 733 1947 et
749 1886 909 1948 violentius
922 1887 954 1946 in
965 1885 1068 1968 Syllo·

112 2003 165 2042 nos
178 1991 279 2064 portes
292 1985 335 2044 ire
348 1984 491 2054 mulorum
504 1984 614 2044 civium
625 1981 786 2056 recruduit,
800 1982 991 2064 tribunusque
1002 1983 1067 2065 pls-

112 2080 157 2139 bis
181 2079 224 2140 P.
253 2080 405 2163 Popillius
430 2081 538 2142 Leues
559 2079 646 2142 Sex..
662 2078 820 2152 Lucilium,
841 2080 893 2160 qui
919 2081 1067 2161 superiore
1079 2099 1232 2154 vertanus.

113 2194 191 2237 uno
205 2177 389 2238 tribunatum
401 2187 541 2258 gemeret,
553 2177 636 2259 quod
648 2176 796 2239 corbonis
808 2176 975 2238 notionibus
983 2177 1067 2238 resti·

111 2272 206 2346 tisset,
225 2272 265 2334 de
283 2293 357 2334 suro
371 2273 500 2356 'l'urpeio
515 2265 642 2354 dejecit}
662 2282 782 2335 etcum
801 2272 928 2352 colleg-s
948 2271 1066 2347 Lucilii,

110 2369 220 2447 quibus
239 2367 317 2433 diem
336 2371 379 2432 P.
393 2369 501 2432 Lenes
519 2369 648 2443 dixerut,
667 2376 748 2430 metu
759 2367 811 2430 sd
832 2367 950 2450 Syllum
965 2368 1066 2450 profu·

111 2466 235 2542 gissent,
249 2481 329 2546 equs
340 2467 461 2547 ignique
471 2466 507 2526 iis
517 2465 681 2528 interdixit.
722 2461 808 2526 Nom
820 2465 862 2525 sb
873 2465 927 2526 illo
937 2465 1067 2545 collegio
1079 2481 1188 2550 Appius.

110 2561 375 2643 cunctus-Guium·
394 2571 498 2625 contre
510 2563 602 2624 animi
614 2563 659 2625 sui
670 2562 846 2623 sententium
861 2561 983 2623 comitis
993 2583 1067 2624 con·

110 2658 346 2721 sulnrin'lrsbsre
357 2670 481 2723 cunctus
499 2658 607 2735 lueret,
625 2659 734 2742 quibus
751 2658 787 2721 L.
801 2657 916 2741 Scipio,
931 2657 970 2721 0.
983 2658 1066 2721 Nor·

110 2753 207 2816 benus
223 2756 371 2837 designati
390 2764 470 2821 sunt.

149 2858 182 2912 4.
204 2850 304 2932 Igitur
324 2854 416 2916 tentis
436 2852 543 2914 snimis
564 2860 731 2933 resurgente
753 2851 884 2914 sectione
908 2850 1089 2927 Cerdonis,

110 2957 231 3011 senetur
251 2950 343 3012 etism
365 2950 539 3011 sententium
562 2968 664 3011 eorum
683 2948 767 3029 sequi
789 2946 915 3010 ednotus
934 2957 992 3021 est,
1014 2950 1068 3032 qui

110 3045 212 3107 ‘bello
232 3045 472 3107 contendendum
492 3066 561 3108 cum
582 3044 688 3127 Syllu’
708 3053 893 3109 censuerunt.
934 3044 1088 3126 ‘Neque-

108 3144 190 3201 enim
203 3141 394 3203 dimissurum
405 3146 473 3204 euin
491 3142 610 3215 milites,
624 3142 677 3218 sed
690 3141 793 3202 horum
805 3161 896 3223 opem
908 3141 1067 3204 ebusumm

108 3238 147 3299 sd
160 3239 404 3303 deminutionem.
446 3238 522 3300 Non
534 3240 656 3300 obscure
669 3238 709 3299 sb
729 3258 766 3299 so
775 3240 925 3317 jectotum
938 3258 1001 3299 erse
1020 3238 1067 3299 ie·-

107 3356 209 3397 vorem
229 3338 391 3409 exereitus,
414 3336 495 3397 hsud
513 3336 637 3397 dubium
654 3336 746 3396 enimi
766 3338 834 3417 ejus
849 3346 1067 3415 argumentum.

107 3432 180 3493 Jsm
200 3454 220 3495 n
241 3442 288 3495 tot
308 3434 393 3495 annis
413 3433 487 3493 nihil
510 3433 595 3494 illum
618 3431 712 3505 eliud,
735 3452 825 3513 quom
843 3433 933 3496 civile
954 3432 1067 3494 bellum

106 3530 258 3592 mediteri.
299 3529 370 3591 Nec
389 3530 578 3610 iniquissime
594 3529 781 3591 cumsltlsrio
801 3530 983 3592 remulstioni
1002 3538 1067 3591 tem

106 3628 293 3709 propositum
306 3630 382 3709 ejus,
391 3646 481 3710 quem
492 3627 739 3708 opportunitatem
752 3634 785 3689 et
795 3634 912 3708 tempus
920 3625 1066 3688 defuisse:
1079 3628 1085 3638 “

107 3725 272 3787 Cimbricis
304 3726 442 3806 primum,
471 3724 580 3785 deinde
612 3724 774 3785 socislibus
805 3724 1068 3785 intervenientibus

105 3822 217 3883 bellis·
241 3808 452 3894 Postmodum,
465 3843 533 3883 cum
546 3831 623 3883 esset
636 3830 740 3883 suctus
751 3821 900 3883 consulsri
908 3822 1066 3901 dignitate,
1087 3874 1090 3879 .

105 3918 259 3999 pauloque
272 3918 371 3979 lectus
389 3919 546 3991 robustior,
559 3938 618 3981 non
632 3917 792 3991 distulisse,
811 3918 884 3999 quin
896 3938 982 3978 suurn
994 3918 1066 3979 olim

105 4014 315 4097 imperstorem
335 4014 447 4078 insidiis
469 4014 615 4097 srmisque
638 4021 760 4097 peteret.
803 4014 989 4075 Monetium
1009 4014 1065 4075 rei·

123 4229 137 4257 ¹
146 4210 501 4285 mantuensem
510 4222 570 4273 Cn·-
611 4219 666 4285 lt.)
678 4220 742 4273 illud
754 4220 892 4285 collegium
903 4220 1066 4272 tribunorum

103 4286 145 4351 to]
167 4288 285 4339 Videtur
310 4288 500 4337 Freinshemius
521 4289 571 4351 troc
610 4286 712 4336 dedisse
723 4300 840 4349 opernm,
851 4295 880 4336 ut
897 4284 994 4348 Carbo,
1005 4294 1066 4351 post

102 4352 235 4416 suspicari
254 4366 287 4402 ex
305 4366 337 4401 so
355 4352 424 4417 qnod
435 4352 570 4416 Apptssss
610 4351 723 4402 occisum
737 4352 856 4407 Cinnrm,
872 4351 998 4416 eollegsrn
1015 4350 1065 4403 sihi

102 4414 435 4485 memonrit,(rtd.rnprs
446 4430 571 4471 uxxxrrr.
609 4414 886 4483 mnestecogeretur.
904 4418 975 4467 cres.
