3300 5225
353 593 459 651 nrnnr
485 591 992 651 nxxvn.surnnnneneuu.
1140 584 1228 653 tert
1344 649 1351 661 ,

107 734 204 805 euno,
217 732 301 795 verie
313 734 426 797 ndseet.
467 734 603 797 Tendem
616 757 759 799 consensu
773 742 905 801 omnium
917 760 986 805 cum
999 741 1064 805 vie·
1077 751 1144 803 vett.

107 832 169 893 tice
194 840 227 891 et
253 840 336 893 veste
366 832 477 893 eollete
503 833 542 894 ud
561 835 728 897 noviculem
747 836 866 919 publice
893 840 1065 901 instructum
1076 849 1207 915 Πιερίῃ

106 927 282 991 deducitur.

145 1036 200 1089 40.
224 1027 286 1087 Sed
299 1028 670 1109 properantibusobstebet
679 1028 794 1109 religio,
807 1029 889 1110 quod
901 1051 953 1111 per
965 1030 1066 1093 lucum
1094 1046 1229 1099 Iscuntr.
1300 1033 1304 1040 ’

107 1124 248 1198 Mericae,
263 1145 353 1205 quem
365 1134 397 1185 et
412 1124 519 1187 Circen
533 1124 717 1205 frequentius
728 1137 850 1199 vocent,
865 1126 904 1188 ed
916 1146 997 1191 mere
1009 1130 1065 1189 iter
1076 1115 1229 1227 'tionem
1258 1182 1263 1189 ,

105 1234 182 1295 eret,
205 1242 294 1301 quem
308 1223 466 1303 praecipue
486 1223 651 1285 senctitetis
671 1223 890 1287 Minturnenses
901 1224 1064 1299 hebebant,
1077 1246 1169 1291 nent.
1179 1250 1206 1292 er

106 1340 205 1399 neque
226 1318 273 1379 fes
294 1318 442 1399 putebant
457 1318 554 1379 efferri
577 1322 738 1401 quicquum
758 1341 862 1381 cerum
882 1342 981 1382 rerum
997 1342 1064 1403 quae
1076 1305 1209 1419 ⁵¹33?ss

104 1418 199 1479 semel
213 1416 355 1477 eoilietae
367 1415 473 1480 forent.
505 1415 566 1477 Sed
580 1426 743 1478 ceterorum
756 1418 971 1479 dubitationem
980 1422 1066 1485 unire
1078 1450 1101 1499 p.
1112 1404 1172 1487 ress
1203 1408 1211 1423 ’

104 1518 183 1577 senis
196 1514 338 1577 elecrites
353 1512 456 1583 sutrin
478 1516 530 1595 qui
552 1514 647 1575 ‘nihii
664 1516 835 1586 irreverens,
854 1524 907 1576 eut
917 1517 1065 1596 ingretum
1095 1499 1164 1551 PM·

106 1614 176 1675 Diis
197 1613 279 1673 esse'
300 1611 466 1683 obnitens,
486 1612 591 1694 ‘qnod
613 1612 653 1673 ed
675 1615 714 1673 C.
729 1614 822 1673 Marii
835 1614 962 1673 sulutem
974 1616 1065 1695 perti·

104 1712 212 1781 neret,’
232 1730 301 1771 curn
320 1718 405 1792 perte
421 1730 518 1771 rernm
535 1729 603 1791 qure
623 1710 662 1771 ud
685 1730 766 1773 mere
787 1712 992 1793 portabantur,
1012 1732 1065 1793 per

103 1810 208 1873 lucum
220 1808 331 1889 primus
343 1808 448 1869 evnsit.
491 1807 652 1888 Pingende
669 1808 776 1870 deinde
793 1810 911 1870 curevit
921 1810 979 1870 iste
993 1809 1063 1870 Me-

103 1908 176 1977 rios‚
191 1904 385 1984 tebulemque
397 1905 530 1965 votivem
545 1906 576 1963 in
591 1905 661 1965 feno
676 1904 800 1967 Merieae
814 1906 976 1987 suspendit.
1011 1905 1064 1968 Sic
1092 1926 1195 1992 ciepro

103 2004 132 2063 in
147 2022 329 2083 perpumrm
341 2002 496 2082 impositus
507 2002 669 2081 navigium,
689 2002 839 2083 lacrymis,
853 2004 941 2074 votis,
955 2003 1063 2091 omini-
1075 1992 1144 2107 Ἓξ
1156 2072 1200 2122 pro

102 2100 221 2179 busque
238 2107 431 2180 prosequente
453 2098 659 2161 Minturnense
682 2098 806 2180 populo,
828 2100 947 2160 evitetis
961 2120 1061 2179 quen·
1075 2120 1226 2175 mmmm,
1353 2121 1364 2143 1

102 2206 166 2256 tum
192 2204 312 2277 poteret
329 2197 414 2263 terris
434 2198 635 2277 portubusque
659 2197 806 2269 omnibus,
827 2196 896 2258 vele
918 2198 948 2257 in
969 2197 1062 2257 eitum
1074 2186 1145 2302 33²2
1155 2202 1198 2251 1³¹⁰

102 2292 186 2354 feeit.
1091 2317 1115 2364 Α
1151 2314 1157 2325 ·

142 2398 197 2450 41.
219 2388 310 2447 Forte
322 2386 361 2447 ed
375 2386 502 2448 insulem
523 2388 677 2451 AEneriem
698 2390 824 2463 deletus,
846 2410 914 2451 cum
926 2392 968 2451 ibi
981 2390 1063 2451 Gre·
1074 2330 1200 2430 9¹²¹in

103 2488 187 2547 nium
201 2495 234 2545 et
251 2482 409 2545 nonnullos
426 2486 588 2545 emicorunr
609 2488 776 2568 reperisset,
797 2509 858 2549 une
876 2488 906 2547 in
925 2488 1063 2551 Africum

103 2602 225 2645 cursum
236 2580 436 2644 intenderunt.
480 2580 542 2642 Sed
556 2583 626 2663 quie
639 2584 762 2664 penurie
775 2604 863 2664 equae
876 2585 1063 2658 inherebant,

101 2683 131 2740 in
144 2701 219 2760 egro
234 2679 366 2760 Erycino
380 2677 493 2740 Siciiiae
507 2680 642 2741 iecerunt
655 2685 886 2743 exscensionem.
913 2682 965 2755 Ibi
980 2705 1062 2764 qne·

101 2779 191 2838 storis
205 2776 340 2837 Romani
351 2795 424 2838 cure
438 2776 572 2858 dispositi
594 2779 708 2859 equites
721 2779 935 2860 propemodum
947 2781 1062 2859 egredi-

101 2885 203 2936 entem
218 2875 288 2934 neri
304 2871 435 2934 Marium
454 2895 612 2956 excepere.
655 2875 829 2956 Aquetores
841 2875 933 2936 ferme
953 2879 1060 2938 sexde-

101 2974 161 3032 cim
175 2969 324 3032 interiecti
340 2980 420 3032 sunt.
460 2971 581 3046 Murius
602 2993 725 3054 propere
746 2974 844 3034 soluto
857 2976 978 3053 nevigio
991 2974 1061 3034 Me·

102 3071 223 3148 ningere
238 3070 335 3130 tenuit
351 3068 468 3130 Airicae
491 3069 628 3143 insulem,
642 3091 710 3152 quae
723 3070 812 3132 bodie
826 3069 994 3132 Gerberum
1008 3091 1060 3132 ro-
1089 3095 1179 3147 cetu.

102 3167 393 3228 cebuioeetuotior.
1071 3158 1162 3225 tht·
1203 3213 1209 3222 ,

141 3271 194 3326 42.
218 3261 334 3324 flere
348 3262 653 3344 eresuoeognoscn
668 3273 677 3300 ⁴
691 3265 855 3325 truncum
868 3263 910 3324 P.
925 3263 1060 3344 Cethego
1071 3224 1162 3339 3123}
1174 3240 1213 3276 ¹'·

101 3363 231 3433 seirum,
246 3362 288 3422 ire
301 3359 342 3422 ed
355 3359 586 3442 Hiempsalem)
596 3363 658 3424 sive
674 3360 864 3422 Mendrestei
877 3360 988 3422 isfuit:
1009 3363 1059 3422 cui
1071 3354 1097 3401 Α
1111 3355 1180 3432 piu.
1197 3427 1207 3467 t

102 3461 221 3539 patrive
244 3460 311 3538 ejus
337 3454 493 3531 Numidiae
518 3467 646 3538 putem,
667 3467 757 3540 cepto
779 3456 941 3537 Jugnrtbe,
965 3458 1059 3518 Merii
1071 3433 1197 3534 Reffsff

101 3555 235 3616 maxime
256 3573 348 3634 opere
369 3563 486 3614 senetus
510 3553 643 3614 dederet.
686 3553 772 3616 Hinc
789 3563 910 3635 recepto
925 3554 1059 3616 nonnihil
1070 3547 1140 3662 {iffi
1151 3565 1174 3599 ⁰·
1184 3554 1209 3600 ⁸·

100 3647 1058 3730 annno,srsuirincerrnsginiememrgmmeansmntere.1bi
1103 3631 1117 3662 “

99 3767 169 3808 cum
181 3749 213 3806 in
227 3747 302 3808 locis
310 3746 449 3808 solitariis
457 3748 608 3828 vestisque
618 3747 744 3820 sederet,
752 3746 882 3808 venited
890 3766 958 3807 eum
971 3745 1059 3839 lictor
1069 3774 1179 3841 ,qam

99 3843 237 3917 Sextilii,
251 3848 380 3926 quitum
393 3843 532 3906 Africam
543 3853 721 3927 propraetore
733 3844 899 3904 obtinebot.
941 3842 991 3904 De
1001 3845 1057 3906 boc
1069 3872 1137 3924 Pras.

100 3941 222 4004 Murius
244 3953 378 4006 uerbum
399 3944 430 4002 in
450 3951 565 4024 pertem
585 3943 717 4014 meritus,
740 3941 932 4002 humanitatis
955 3949 1056 4002 temen

98 4039 226 4121 aliquod
246 4039 374 4102 officium
397 4041 589 4122 expectabet.
632 4039 680 4100 At
700 4039 789 4100 lictor
811 4036 976 4099 ‘decedere
988 4058 1056 4097 enm

100 4138 274 4215 provincie'
288 4137 391 4216 jussit,
405 4146 414 4174 ‘
428 4139 459 4198 ni
471 4137 601 4198 melitio
613 4157 645 4196 se
662 4145 696 4198 ut
707 4137 822 4196 bostem
836 4135 875 4196 eb
891 4143 994 4195 senetu
1002 4137 1055 4214 ju-

97 4232 236 4294 dicetum
256 4234 577 4314 deeerniz’=torveque
597 4235 760 4294 intuentem
781 4241 812 4292 et
824 4251 929 4292 vocem
942 4230 1056 4292 nollem
1173 4259 1176 4263 ·

100 4333 287 4392 emittentem
302 4329 433 4391 Marium
455 4333 571 4410 rogavit
592 4330 725 4402 tandem,
748 4337 757 4365 ⁴
772 4327 882 4409 ecquid
894 4329 1056 4388 renuntiari

101 4429 223 4509 pretori
236 4425 363 4489 vellet‘i'
384 4427 436 4490 Ibi
455 4427 584 4501 Metius,
606 4426 772 4500 ‘Nuntie‚'
792 4425 899 4507 inquit,
922 4424 1056 4488 ‘vidisse
