3300 5225
120 1055 122 1060 ·
208 988 1139 1115 SUPPLEMENTUM

509 1300 648 1368 LIBRI
685 1299 824 1369 XCIV.

444 1569 889 1649 fltSToltlARUM

284 1817 343 1925 Τ.
397 1837 601 1928 LIVII
652 1830 1046 1924 PATAVINI.

103 2358 132 2410 1.
154 2315 330 2414 Ianuaria
346 2346 381 2413 L.
396 2350 539 2432 Lucuilnr
551 2351 665 2424 consui,
682 2372 751 2413 curn
769 2352 808 2414 ad
825 2353 940 2415 bootem
953 2375 1056 2437 perve-
1068 2357 1134 2412 Ptot.
1148 2360 1211 2410 Lnr.

102 2449 203 2518 nisset,
222 2469 349 2528 eumque
367 2449 552 2510 succinctum
574 2449 665 2509 tantis
685 2449 781 2530 copiis
799 2449 933 2522 videret3
954 2451 1057 2533 praeiio

102 2544 245 2623 congredi
257 2546 376 2606 minime
387 2555 483 2607 tutum
494 2554 587 2618 ratus,
597 2545 676 2606 intra
686 2545 869 2608 munimenta
879 2568 911 2608 ae
924 2550 1056 2610 tenebat

104 2641 165 2701 Sed
180 2642 342 2705 lacessente
356 2643 436 2725 apud
451 2641 564 2725 Otryab
577 2644 737 2726 (Phrygia
751 2644 835 2705 iocus
846 2650 906 2725 eat)
931 2645 979 2706 M.
989 2645 1056 2707 Va-

101 2739 158 2811 rio,
184 2741 238 2821 qni
259 2742 353 2803 mimia
373 2742 413 2803 ab
434 2739 565 2803 Sertorio
584 2742 679 2823 copiis
697 2752 835 2823 praerat,
854 2742 960 2803 eduxit
976 2764 1056 2817 anoa,

102 2838 259 2919 aciemque
272 2838 431 2901 ordinavit.
472 2839 552 2900 Cum
570 2840 600 2899 in
619 2859 656 2899 eo
669 2847 766 2901 ament
779 2848 812 2901 ut
825 2851 1056 2913 concurreretur,

100 2936 210 2997 ooeium
231 2938 343 3017 abque
357 2936 431 3009 ullo,
445 2939 498 3017 qui
516 2936 712 2998 animadverti
730 2937 871 3019 potuerit,
884 2948 992 2999 conatu
1008 2939 1056 2999 di-

101 3043 235 3115 ruptum,
250 3035 324 3095 inter
335 3034 411 3096 duaa
428 3036 508 3095 aciea
528 3036 677 3114 ingentem
697 3032 823 3095 flammae
837 3034 945 3095 molem
959 3036 1056 3095 immi-

99 3134 152 3201 sit,
164 3132 266 3191 colore
280 3133 405 3213 argenti,
424 3132 520 3193 forma
531 3131 606 3193 dolii
618 3132 754 3193 similem.
798 3130 850 3191 Sic
865 3152 903 3191 eo
918 3131 980 3205 die,
995 3142 1055 3195 ter-

101 3230 169 3289 ritia
184 3228 320 3310 prodigio
340 3230 481 3310 utrisque,
495 3250 515 3291 a
530 3230 689 3312 pugnando
710 3236 922 3309 temperatum
944 3228 1055 3292 Lucul-

100 3326 210 3407 iuaque
224 3326 263 3387 ad
274 3328 372 3409 priora
384 3327 508 3388 consilia
516 3326 645 3389 ducendi
657 3326 730 3388 beili
742 3326 840 3387 rediit.

142 3430 176 3485 2.
198 3422 278 3485 Cum
298 3424 377 3485 enim
396 3434 442 3485 tot
462 3424 611 3485 bominum
628 3424 725 3485 miliia
744 3424 775 3484 in
791 3431 952 3504 conspecto
964 3423 1057 3485 bootia

99 3520 184 3581 alere
204 3541 262 3582 non
275 3522 306 3581 in
318 3520 437 3601 longum
448 3521 538 3582 facile
554 3520 617 3582 iore
634 3519 804 3583 Mithridati
822 3520 974 3591 crederet;
995 3540 1056 3602 quo

98 3617 212 3679 certina
232 3616 413 3699 exploraret,
430 3626 574 3698 quantum
593 3618 622 3678 ei
642 3618 794 3699 copiarum
811 3625 901 3691 eaaet,
920 3619 1057 3699 captivos

98 3714 231 3794 aliquot,
244 3714 366 3774 seorsim
387 3733 635 3795 unumquemque,
647 3714 738 3795 juaait
753 3714 874 3775 adduci.
917 3712 967 3775 Ex
987 3714 1055 3795 qni·

97 3812 160 3872 bus
186 3819 384 3893 percontatur,
405 3818 480 3893 quot
497 3811 623 3892 quiaque
643 3811 872 3873 contubernales
890 3812 921 3871 in
940 3811 1054 3881 caenia,

98 3932 173 3973 curn
191 3918 305 3991 quanto
323 3909 501 3970 cibariorum
524 3908 612 3970 modo
633 3908 816 3989 reliquiaaet;
847 3910 891 3970 ita
913 3908 1055 3969 rationem
1099 3922 1102 3933 ·

99 4009 182 4077 iniit,
197 4017 229 4068 nt
249 4009 328 4068 intra
347 4007 477 4067 triduum
497 4014 550 4068 aut
566 4006 756 4087 quatriduum
775 4004 855 4067 farne
871 4006 1055 4067 laboraturos

97 4104 297 4166 existimaret.
339 4103 458 4166 Idciroo
471 4102 672 4165 abundantem
685 4122 810 4163 annonae
826 4102 942 4183 copiam
954 4104 984 4163 in
998 4120 1055 4162 aua

95 4211 202 4265 castra
213 4201 391 4273 convehere,
403 4202 476 4263 satie
487 4202 629 4275 babebat,
643 4202 668 4261 ai
684 4201 797 4261 boetem
817 4219 936 4260 annona
954 4200 1053 4281 probi·

97 4302 197 4360 beret.
238 4300 300 4360 Per
319 4292 396 4361 bono
419 4300 603 4361 occasionem
625 4320 691 4361 enm
712 4298 862 4379 equeatrio
880 4296 981 4377 praeiia
992 4296 1053 4357 ire·
1066 4317 1121 4371 nv,
1133 4320 1200 4385 Epir.

99 4397 230 4478 quentia
250 4396 365 4467 fierent,
388 4398 482 4478 iisque
503 4399 634 4479 superior
654 4396 811 4457 Romanus
831 4405 925 4465 eoaet;
948 4395 1056 4455 militen
