3300 5225
276 1028 1192 1159 ,SUPPLEMENTUM

562 1300 701 1367 LIBRI
735 1300 916 1371 xcvln.

483 1540 991 1625 HISTORIARUM

330 1774 390 1863 Τ.
450 1777 656 1870 LIVII
718 1780 1132 1875 PATAVINI.

177 2322 206 2375 1.
226 2282 274 2375 0
284 2330 470 2377 ernustum
486 2336 543 2377 aere
555 2316 654 2379 alieno
667 2315 787 2390 Asiam,
800 2327 843 2390 et,
856 2339 918 2400 quo
929 2327 1065 2381 recreate
1073 2328 1131 2389 cst,

176 2410 297 2473 Luculli
317 2412 469 2474 consilium
490 2412 664 2488 traditurus,
687 2414 825 2476 cohibere
849 2416 981 2476 animum
1003 2406 1130 2498 nequeo,

175 2512 248 2591 quin
261 2512 452 2593 praesentibus
469 2499 649 2593 temporibus
668 2512 853 2592 ingemiscat,
872 2512 1067 2575 Germaniam
1084 2515 1129 2574 in-

173 2617 260 2670 tuens
272 2609 355 2671 nullo
367 2609 522 2671 miserante
541 2609 670 2671 deterius
687 2610 901 2692 propemodum
912 2614 952 2673 ab
964 2613 1022 2672 bac
1034 2621 1128 2693 peste,

174 2728 266 2789 quam
285 2709 340 2768 sub
358 2708 527 2770 tricennalis
545 2706 617 2769 belli
638 2709 774 2769 nefandis
790 2709 928 2770 cladibus
947 2702 1142 2792 pereuntem.⁴

174 2803 255 2866 Cum
267 2807 345 2866 enim
357 2806 398 2868 ad
409 2827 510 2867 omncs
529 2827 647 2888 prorsus
664 2807 798 2869 homines
816 2807 923 2887 quibus
943 2806 1129 2888 aliquantum

173 2904 216 2962 rei
230 2913 287 2976 eet,
302 2913 353 2965 aut
364 2903 432 2976 fuit,
454 2904 565 2966 malum
587 2905 666 2966 istud
683 2906 840 2986 pertineat,
855 2926 874 2966 a
888 2903 1020 2987 plurimis
1032 2905 1128 2977 annis,

83 3051 88 3062 .
172 3002 236 3065 eine
256 3021 339 3073 cura,
355 3002 418 3062 sine
433 2999 510 3081 lege,
528 3010 561 3061 ut
578 3003 686 3082 cuique
705 3003 840 3082 potentia
853 3011 906 3062 aut
917 3000 1057 3062 debilitas
1074 3001 1127 3062 ad·

172 3106 247 3171 erat,
257 3099 507 3178 extorquebantur
517 3119 536 3158 a
545 3097 729 3174 debitoribus
738 3099 862 3169 nummi,
872 3108 926 3160 aut
935 3098 1127 3177 negabantur.

173 3194 226 3256 Ita
246 3194 317 3256 dum
340 3195 393 3256 alii
412 3203 527 3277 partem
547 3197 635 3256 sortia
656 3194 819 3267 offerendo,
841 3194 955 3255 tamdiu
977 3204 1129 3277 usurpata

170 3293 307 3373 pecunia
317 3291 422 3352 alienae
436 3289 601 3352 mercedem
614 3290 775 3371 postulant,
787 3291 852 3362 alii,
865 3311 1036 3372 quanquam
1050 3311 1126 3372 pruc-

170 3398 216 3449 ter
227 3409 312 3450 euam
322 3386 442 3470 culpam
453 3387 578 3453 fortunia
589 3388 676 3460 eruti,
690 3389 781 3448 etiam
802 3407 905 3448 usuras
916 3397 1128 3469 representare

169 3495 333 3566 coguntur:
350 3485 471 3565 justitia
479 3492 510 3545 et
522 3483 691 3556 concordia,
705 3503 772 3564 quae
786 3485 816 3544 in
830 3484 929 3546 medio
940 3505 1003 3544 eree
1015 3483 1128 3544 debue-

170 3591 249 3656 rant,
263 3581 459 3644 miserandum
472 3583 502 3641 in
515 3580 635 3641 modum
653 3580 875 3642 lacerabantur:
896 3581 994 3642 donec
1009 3599 1127 3662 prorsus

171 3678 383 3758 Alexandrinp
399 3699 481 3740 more
501 3677 610 3738 nodum
630 3679 711 3740 hunc
734 3679 828 3739 secari
848 3677 981 3760 placuit:
1010 3681 1124 3739 utinam

169 3777 299 3838 durabili
320 3777 360 3838 ad
373 3796 476 3858 pacem
495 3773 646 3836 remedio!
670 3773 731 3834 Sed
745 3776 792 3835 his
809 3795 928 3856 quoque
942 3775 1123 3836 calamitati·

169 3871 442 3936 bueuoetrisfinem
455 3872 587 3952 aliquem
598 3870 705 3933 viderit
720 3871 825 3932 Deus!
1110 3953 1114 3960 Ι

208 3978 239 4034 2.
262 3971 347 4030 Asiae
360 3969 469 4030 acerba
485 3970 525 4028 ob
541 3969 744 4050 impotentiam
762 3968 970 4029 feneratorum
989 3962 1122 4025 conditio
1144 3981 1210 4032 Pina
1223 3983 1287 4038 Luc.

167 4078 251 4130 erat:
273 4066 355 4147 quod
377 4067 553 4148 imperatam
572 4087 592 4126 a
612 4064 700 4146 Sylla
716 4067 884 4146 pecuniam,
900 4063 1004 4142 viginti
1024 4061 1121 4122 millia
1132 4047 1258 4164 ffiiffin·

166 4166 369 4236 talentorum·
386 4165 558 4226 civitateea
576 4163 742 4245 publicanis
760 4166 890 4224 maxime
910 4161 965 4221 sub
983 4159 1121 4240 gravibus
1133 4177 1199 4228 Prot.

168 4355 210 4465 c·
253 4349 327 4413 igtur
345 4347 421 4400 outa
432 4345 588 4412 waima]
605 4349 712 4400 Marcus
732 4347 836 4413 argenti
856 4351 987 4398 nostrates
997 4347 1120 4396 1875000.

190 4429 240 4468 reo.
