3300 5225
860 598 895 647 Τ.
919 598 1013 648 tlvtr

549 744 631 807 litum
646 738 746 807 labore
760 742 976 812 incenderetur,
988 740 1157 821 iuqueipso
1168 756 1258 819 quem
1266 738 1504 817 ceperant'mnro'

548 842 714 924 presidium
728 847 915 901 statueretur.
957 835 1054 899 Simul
1062 832 1503 913 cuniculariissuspematmbi·

546 941 603 999 bns
622 938 742 1009 monia,
760 938 839 1020 pice,
855 946 975 1018 suippe,
993 946 1083 1015 etque
1102 931 1212 993 sulfure
1224 928 1319 991 multo
1338 926 1452 998 effusis,
1471 932 1505 985 et

547 1038 614 1117 igne
625 1036 772 1115 subjecto,
785 1043 1019 1095 concremarunt.

456 1166 473 1218 ,ι
550 1182 553 1189 .
586 1138 638 1193 28.
660 1131 711 1192 Ibi
728 1152 797 1193 cum
810 1129 1139 1211 eliaposteliampcrs
1154 1142 1302 1185 murorum
1321 1119 1450 1190 arderet,
1471 1126 1506 1181 et

547 1237 745 1312 superstantes
758 1229 842 1309 gravi
854 1228 939 1289 ruina
950 1226 1194 1308 opprimerentur,
1206 1222 1297 1283 etiam
1313 1220 1367 1301 qni
1385 1218 1506 1297 longius

548 1348 568 1389 e
581 1326 713 1409 periculo
725 1328 861 1397 aberent,
873 1324 1107 1386 commilitonum
1123 1319 1243 1381 interitu
1257 1317 1363 1386 territi,
1372 1314 1505 1396 desponae

547 1424 617 1485 dere
637 1424 752 1484 animos
770 1430 931 1504 coeperunt.
973 1419 1189 1484 Summeenim
1201 1414 1390 1476 contentione
1402 1431 1422 1473 a
1434 1410 1504 1473 llo·

547 1520 642 1581 menis
654 1520 862 1601 pugnabatur:
882 1539 951 1580 cnm
964 1518 1052 1599 Sylla
1065 1516 1151 1578 ienis
1164 1516 1294 1593 integros
1304 1510 1506 1580 mmmmm,

547 1619 626 1679 lrunc
644 1636 733 1677 unum
754 1625 863 1677 restare
884 1616 1015 1677 laborem
1032 1614 1220 1683 clamitaretr
1241 1629 1338 1693 neque
1354 1608 1504 1688 reliquum

547 1717 709 1797 quicquem
732 1715 857 1785 feceret,
885 1715 1044 1795 quominus
1065 1713 1225 1796 promissis,
1247 1709 1384 1790 imperio,
1405 1705 1506 1775 minis,

546 1812 636 1873 modo
649 1814 712 1885 hoe,
728 1812 818 1873 modo
832 1810 903 1874 illos
914 1812 953 1874 ed
967 1810 1133 1893 spernenda
1144 1807 1288 1891 pericula,
1303 1824 1461 1884 murosque
1473 1802 1505 1865 si

547 1910 796 1971 nmscendeudos
816 1910 965 1973 incitaret.
1014 1908 1126 1989 Neque
1147 1910 1245 1969 niem
1263 1907 1427 1967 animem
1450 1910 1507 1963 aet

546 2006 698 2069 industriae
708 2006 865 2069 Archelao
874 2015 1036 2089 supererat,
1051 2006 1196 2088 perculsis
1203 2016 1294 2085 etque
1304 2003 1425 2073 sauciis,
1437 2020 1506 2061 cor-

546 2124 616 2185 pore
629 2114 720 2187 atque
737 2107 837 2167 animo
854 2114 985 2166 recentes
996 2104 1122 2165 mbinde
1130 2104 1251 2184 jubenti
1265 2100 1427 2163 accedere:
1446 2098 1504 2159 do·

546 2222 600 2264 sec
613 2202 753 2283 fatigatos
766 2205 869 2285 iniquo
883 2204 985 2285 prelio
998 2203 1111 2263 milites
1123 2202 1211 2282 Sylla
1229 2202 1384 2261 miseratus
1397 2217 1506 2277 recep-

547 2303 590 2361 tui
601 2304 722 2373 cecinit,
732 2322 800 2363 curn
813 2305 879 2382 ejus
890 2300 951 2362 diei
964 2300 1083 2361 fortune
1096 2300 1159 2381 pari
1174 2300 1251 2359 inter
1264 2318 1297 2358 se
1309 2298 1415 2358 robore
1427 2312 1505 2375 prac-

497 2446 503 2461 .
547 2399 645 2471 liatos,
668 2401 758 2459 etiam
778 2400 958 2461 detrimento
978 2401 1148 2460 amissorum
1164 2398 1310 2475 utrimque
1321 2394 1449 2453 militnm
1463 2410 1504 2451 ω-

547 2499 710 2577 quievisset.
1200 2498 1204 2509 ’

586 2600 636 2658 st.
659 2594 832 2656 Archelaus
853 2615 891 2654 ne
911 2603 1028 2655 noctem
1048 2592 1170 2675 quidem
1190 2594 1251 2654 suis
1270 2592 1401 2672 quietam
1422 2588 1507 2650 abire

548 2713 660 2774 pessus,
671 2693 841 2774 repetendis
851 2696 990 2754 moenium
1003 2694 1095 2753 ruinis
1107 2711 1226 2773 operum
1234 2689 1336 2751 dedit:
1350 2691 1431 2748 intre
1438 2708 1505 2748 mu-

462 2862 471 2886 x
547 2809 611 2850 rum
623 2789 733 2851 multas
742 2793 892 2852 exstruxit
903 2793 1091 2861 munitiones,
1104 2791 1135 2850 iu
1150 2789 1229 2849 leuse
1244 2788 1374 2869 speciem
1384 2787 1506 2846 nauata

549 2887 656 2957 lronte,
670 2908 730 2968 quo
744 2888 878 2969 pluribus
890 2907 929 2946 ex
949 2889 1083 2968 pertibus
1100 2889 1130 2946 in
1147 2887 1261 2946 bostem
1281 2883 1405 2944 missilia
1418 2885 1505 2961 jece-

549 2994 657 3044 reutur.
700 2983 773 3052 Eas,
793 2982 864 3042 dum
883 2983 981 3044 adhuc
999 3003 1101 3044 recens
1120 2984 1205 3044 labor
1224 2981 1343 3042 facilius
1361 2981 1507 3042 mechinia

549 3081 679 3152 cederet,
694 3094 806 3160 magne
816 3083 848 3141 vi
865 3101 1036 3162 oppugnare
1051 3080 1139 3161 Sylla
1155 3081 1257 3161 erepit.
1298 3077 1361 3139 Sed
1372 3077 1507 3158 undique

550 3178 618 3238 telis
636 3181 798 3259 expositus,
812 3197 881 3238 cum
900 3179 1009 3238 multoe
1020 3179 1119 3239 occidi
1131 3178 1339 3258 vulneratique
1352 3186 1505 3246 cerneret;

551 3277 671 3354 abjecte
695 3296 748 3356 spe
774 3275 912 3357 capiendi
937 3278 1075 3356 pervim
1099 3273 1214 3356 oppidi,
1235 3285 1270 3335 ut
1287 3282 1508 3335 commeatuum

551 3373 652 3454 inopia
663 3367 782 3452 cogeret
795 3375 835 3434 ed
846 3373 1026 3434 deditionem
1039 3375 1183 3443 obsessoe,
1191 3373 1230 3432 de
1239 3371 1507 3452 reliquoabstirruit

550 3472 788 3553 oppugnatione:
809 3470 912 3531 claudi
930 3480 1047 3531 tantum
1064 3470 1174 3542 aditus,
1191 3472 1299 3551 nequi
1317 3471 1414 3542 exire,
1433 3489 1506 3530 uere

551 3567 664 3646 ingredi
677 3569 796 3650 impune
810 3577 940 3651 possent,
957 3571 1057 3648 jussit.
1100 3568 1181 3650 Ipse,
1196 3577 1281 3650 perte
1291 3569 1447 3650 copiarum
1458 3587 1506 3628 ae-

551 3673 659 3736 sumte,
673 3662 812 3726 Athenas
824 3667 973 3746 perrexit:
995 3667 1046 3725 ubi
1059 3666 1222 3744 graviorem
1234 3667 1265 3725 in
1277 3664 1342 3725 alies
1356 3684 1506 3725 annonam

552 3759 674 3831 lactem
694 3771 726 3821 et
737 3763 804 3841 jem
822 3761 862 3821 ed
877 3771 1013 3822 extrema
1027 3761 1209 3822 necessitatis
1227 3771 1400 3843 perventum
1417 3761 1505 3822 intel-

552 3855 678 3917 lexerat.
1075 3889 1078 3894 ·

593 3959 643 4014 28.
664 3952 813 4014 Jumentis
832 3954 912 4013 enim
935 3955 1072 4015 omnibus
1091 3956 1245 4026 absumtis,
1267 3955 1357 4014 etiam
1375 3953 1507 4015 cleribus

389 4069 456 4120 Plur.
467 4067 526 4134 syn.
553 4058 585 4110 et
601 4051 699 4112 herbis
710 4051 838 4122 vescuis,
851 4048 943 4129 vulgo
956 4053 1024 4130 jam
1044 4072 1064 4113 a
1080 4052 1191 4132 tegulis
1203 4051 1414 4135 parietinisque
1427 4051 1506 4112 Per-

403 4167 460 4216 Plin
461 4180 541 4215 ......
553 4147 673 4208 tlseuion
700 4145 896 4225 (urceolerem
920 4147 1042 4210 herbam
1069 4149 1170 4211 terim
1195 4152 1318 4227 vocant)
1339 4151 1371 4209 in
1392 4146 1507 4210 victum

392 4231 525 4360 {⁸53¹ss
552 4243 728 4306 vellebatur.
771 4243 840 4305 Alii
856 4243 1125 4307 calceamentorum
1142 4246 1402 4329 empullerumque
1418 4248 1506 4308 coriis
1611 4298 1612 4307 ,

390 4362 474 4414 vales.
554 4341 745 4401 morabantur
754 4339 952 4424 'deiicientem
964 4343 1099 4426 spiritum
1109 4343 1121 4404 ι’
1138 4345 1229 4404 etiem
1242 4345 1372 4405 humana
1384 4363 1507 4425 corpora

390 4426 540 4544 iim,
552 4447 702 4519 “elmi
713 4437 743 4498 5¹¹
755 4437 856 4498 cibum
869 4439 955 4499 verli·
997 4438 1082 4501 Nam
1094 4440 1234 4503 immenti
1247 4440 1367 4523 quidem
1380 4441 1507 4502 medim-
