3300 5225
214 974 1181 1103 SUPPLEMEN-TUM

545 1263 682 1331 LIBRl
719 1264 882 1332 LXXV.

486 1514 924 1595 nrsnonrnnonr
1041 1458 1045 1463 ⁵

337 1764 398 1853 Τ.
450 1764 646 1855 LIVII
696 1764 1083 1857 PATAVINI.

556 2078 857 2093 -α--ιιι-

555 2094 857 2115 ψ

150 2324 178 2380 l.
201 2291 341 2383 Itsnnns
355 2320 445 2383 lerme
457 2320 574 2394 diebus,
588 2323 697 2403 quibos
711 2324 846 2406 prretoris
859 2324 962 2385 urbnni
975 2322 1056 2383 brois
1069 2322 1098 2382 in
1181 2312 1184 2321 ’

148 2414 214 2477 loro
232 2438 288 2479 suo
307 2418 425 2498 sangnis
446 2428 502 2491 est,
521 2420 612 2480 etism
635 2420 666 2479 in
686 2420 800 2492 cestris,
821 2440 860 2481 ne
881 2418 954 2501 quid
974 2438 1099 2499 usquein

146 2521 263 2574 cnsttnn
274 2522 447 2576 metumve
455 2513 545 2587 foret,
558 2516 727 2596 praetorium
733 2516 840 2590 virum,
853 2516 897 2577 A.
908 2515 1098 2579 Postumium
1109 2520 1175 2601 Plus.
1185 2522 1245 2601 Syll.

148 2608 310 2683 Albinum,
332 2631 401 2673 cum
423 2610 540 2692 legatus
558 2612 646 2673 classi
672 2622 819 2695 preesset,
841 2613 989 2674 exercitus
1009 2632 1098 2693 quern
1108 2586 1258 2708 &EQ

146 2706 288 2781 ducebat,
308 2707 467 2770 interfecit.
508 2707 700 2770 Intolerabili
715 2709 853 2792 superbis
870 2707 996 2794 militurn
1015 2708 1046 2770 in
1066 2729 1098 2770 se

145 2804 215 2866 odie
227 2805 415 2867 susciterisse
431 2805 568 2866 truditur.
605 2803 668 2866 Sed
685 2826 745 2886 qno
758 2805 916 2887 speciosior
932 2805 1098 2866 linientibus

145 2909 309 2981 praetextus
329 2911 417 2975 eset,
443 2902 567 2964 crimine
592 2901 766 2984 proditionis
788 2901 989 2964 insimulatum
1014 2903 1097 2963 sexis

145 3007 235 3079 utque
247 2996 374 3059 fustibus
384 3008 601 3083 oppresserunt.
1106 3004 1235 3074 ltnltptt.

182 3101 214 3156 Ξ.
235 3094 350 3178 Copias
365 3097 432 3175 ejus
448 3115 518 3158 cum
539 3096 574 3158 L.
593 3093 692 3178 Sylla,
710 3095 773 3177 ipse
792 3115 911 3177 quoque
929 3094 1045 3178 legatus
1058 3095 1094 3160 L.
1123 3103 1199 3158 Diod

145 3191 249 3254 Porcii
269 3192 408 3265 consilis,
429 3193 602 3274 accepisset,
621 3193 857 3275 suppliciumque
869 3192 908 3254 de
920 3195 1096 3257 nocentibus
1106 3167 1215 3288 {22³}ss

142 3299 291 3349 sumturus
310 3297 472 3370 pntnretnr,
493 3289 670 3370 impunitum
686 3310 749 3351 esse
766 3288 912 3369 flagitium
924 3311 1028 3373 pessus
1039 3301 1093 3356 est.
1104 3297 1173 3352 Plnt.

144 3383 182 3444 ld
203 3405 243 3446 eo
259 3385 434 3466 pertinuisse
453 3383 605 3465 judicent,
623 3395 659 3447 ut
674 3393 760 3446 tento
779 3384 927 3449 beneficio
948 3386 1096 3467 obligetos

142 3483 313 3561 promtiores
323 3482 449 3542 heberet
459 3479 499 3544 od
516 3481 693 3563 exequendo
704 3501 772 3564 quc
789 3483 890 3544 animo
908 3481 1094 3548 destinasset.

142 3577 210 3640 ann
223 3579 304 3639 enim
313 3599 349 3640 eo
361 3587 544 3662 processerat
560 3598 629 3640 cum
642 3579 744 3641 Morio
759 3579 906 3653 simultas,
916 3589 951 3641 ut
963 3590 1015 3641 sut
1027 3603 1094 3663 per·

142 3674 271 3737 dcndm
284 3675 381 3747 illum,
404 3684 456 3736 sut
477 3675 535 3736 sibi
556 3676 737 3756 pereundum
753 3696 817 3737 esse
831 3674 1026 3756 intelligeret:
1050 3687 1092 3751 ct,

141 3773 210 3853 quie
234 3781 405 3833 senescente
422 3774 490 3852 jum
510 3771 614 3833 socioli
632 3772 716 3833 bello
733 3771 972 3834 Mithridaticum
990 3771 1093 3835 edesse

140 3869 296 3941 sentiebat,
322 3869 362 3930 ed
383 3889 467 3950 spem
488 3868 658 3930 consulatus
678 3877 711 3930 et
729 3869 888 3950 provincie
908 3868 1090 3943 obtinendae,

141 3966 270 4028 levorem
283 3967 430 4027 exercitus
440 3966 654 4046 sucupnbntur.
695 3963 735 4026 Id
748 3965 819 4026 licet
831 3965 918 4025 multi
930 3963 1031 4046 pulum
1045 3967 1090 4026 in·

140 4072 286 4134 cnserent,
299 4071 330 4124 et
346 4064 378 4123 in
394 4071 457 4122 tem
474 4061 569 4122 otroci
588 4059 699 4122 delicto
705 4062 888 4143 ‘impunitum
900 4081 963 4121 esse
975 4059 1089 4123 fucino-

140 4181 268 4221 rosorurn
286 4159 444 4220 nndnciom
463 4165 672 4239 quererentur;
694 4158 851 4219 contemsit
867 4177 1014 4220 sormones
1035 4158 1088 4220 bo-
1117 4181 1225 4249 Polym.

140 4259 248 4318 minum
259 4255 360 4338 Syllo,
369 4254 447 4314 ultro
455 4252 620 4335 praedicens
626 4253 739 4342 consilii
748 4255 794 4314 sui
802 4254 972 4324 utilitetem,
987 4254 1087 4335 ‘qnod
1099 4245 1179 4298 Μ
1181 4265 1249 4302 ······

140 4353 193 4414 boc
210 4363 301 4436 puoto
312 4351 484 4413 melioribus
501 4369 605 4410 usuriis
621 4359 697 4412 esset
712 4350 866 4422 militibus,
879 4350 950 4412 dum
962 4349 1087 4413 fortibus
1098 4361 1169 4416 Oros.

140 4450 224 4511 fectis
234 4449 333 4510 eluere
345 4444 558 4530 turpitudinem
569 4446 691 4509 cdrnini
702 4447 884 4510 niterentur!
