3300 5225
357 596 461 647 blunt
487 592 1041 651 LXXXthteSUPPBHBNTUH.

139 744 243 805 eneti
259 752 339 817 sunt,
361 753 371 781 ‘
386 764 422 806 ne
437 743 552 805 lassatis
569 746 674 807 itinere
693 744 841 807 militibus
852 745 957 827 patrie
968 744 1095 807 alutem

141 846 170 905 in
198 843 285 903 unius
308 860 413 923 pugne
433 842 590 903 discrimen
618 842 824 904 committeret.
867 841 941 903 Non
962 842 1095 909 Marium

139 962 179 1003 ex
190 940 318 1001 sdverso
327 947 359 999 et
369 938 548 1011 Carbonem,
560 940 774 1001 inimicissimos
785 941 930 1011 homines,
941 940 1097 1001 manos

139 1049 260 1108 tamem
282 1037 335 1097 sed
358 1035 551 1117 lamponium
564 1056 633 1098 oum
647 1035 784 1109 Lucanis,
798 1037 851 1098 sed
866 1058 937 1098 euru
953 1036 1096 1099 Samniti·

139 1137 198 1197 bns
221 1134 392 1195 Telesinurn
415 1134 583 1207 consistere,
605 1135 805 1197 infestissimos
822 1134 965 1197 Rornano
986 1136 1096 1196 nomini

140 1232 441 1313 bellicosissimasque
453 1240 485 1292 et
497 1231 623 1313 populor
635 1242 667 1293 et
678 1232 778 1295 duees.
820 1232 926 1313 Atque
939 1232 1008 1293 illes
1019 1230 1096 1293 mni-

140 1340 241 1392 tarnm
254 1331 391 1391 horarum
405 1330 536 1410 quietem
553 1328 693 1391 eumndis
704 1330 877 1412 corporibus
888 1330 1096 1391 eonmmsisse:

139 1430 197 1491 sibi
218 1430 334 1509 suisque
351 1427 439 1488 simul
452 1427 594 1489 faciunda
605 1428 716 1501 omnia,
728 1428 869 1500 eundum,
882 1426 1097 1509 prendendum,

140 1526 334 1609 pugnandum
354 1546 427 1587 esse.
469 1524 544 1587 Non
564 1528 660 1608 equis,
678 1546 737 1588 non
756 1528 837 1600 viris,
853 1526 983 1589 solidum
995 1518 1097 1587 adesse

140 1626 243 1698 robur,
257 1634 291 1687 ut
301 1626 370 1686 cibo
384 1644 420 1685 so
432 1624 532 1706 quiete
545 1624 663 1687 refectis
675 1626 808 1687 hostibus
820 1625 913 1706 objiei
927 1624 1067 1685 debeant.

144 1776 149 1789 .
183 1732 215 1785 9.
237 1733 246 1760 ⁴
262 1724 337 1784 Esse
349 1723 470 1804 quidem
483 1724 541 1785 sibi
550 1724 678 1785 militum
692 1723 782 1785 fidem
796 1724 949 1795 eximiam,
961 1743 1026 1783 sne
1038 1722 1097 1783 rir·

142 1830 250 1894 tutem,
268 1822 414 1882 haetenus
432 1822 522 1882 etiem
542 1821 668 1883 fortune
689 1822 839 1903 singulare
857 1821 1032 1902 obsequium
1053 1819 1098 1879 at'·

142 1919 253 1981 fuisse:
273 1920 325 1981 sed
340 1940 445 2001 *neque
466 1921 508 1981 ab
533 1920 594 1981 illis
613 1920 771 2003 plusquam
795 1921 920 2003 posint,
942 1938 1038 1999 neqoe
1059 1917 1099 1977 ab

142 2018 201 2079 ime
216 2018 372 2100 piusquam
385 2019 492 2090 soleat,
505 2020 659 2101 expectari
672 2028 819 2101 oportere.
861 2016 1028 2099 Nunquam
1041 2034 1100 2077 non

142 2116 305 2177 timendum
324 2134 447 2177 casuum
465 2116 658 2178 humanorum
678 2113 931 2179 vicissitudinem:
952 2126 1100 2197 etquam·

142 2212 220 2275 iibet
231 2206 322 2273 foitee
335 2214 415 2275 viros
432 2232 451 2273 a
467 2213 662 2275 deterioribus
678 2214 804 2297 opprimi
817 2234 915 2295 pesse,
928 2213 1034 2275 sicum
1046 2232 1100 2273 va·

142 2309 215 2370 lidie
226 2320 259 2371 et
271 2310 390 2371 reiectis
402 2312 458 2393 ipsi
478 2310 580 2372 labore
597 2330 636 2397 po
657 2312 760 2393 inopia
778 2310 894 2372 debiles
913 2310 1101 2371 oommittan·

142 2416 201 2469 tur.
251 2407 324 2469 Non
344 2428 407 2469 esse
427 2428 548 2469 cauum
573 2407 745 2479 festinandi,
768 2410 820 2469 ubi
843 2408 994 2469 meliorem
1018 2416 1101 2467 tuam

143 2524 236 2587 quam
255 2505 383 2567 hostium
403 2506 603 2568 conditionem
631 2506 748 2567 factura
765 2524 849 2567 mors
867 2504 1014 2567 videamur.
1067 2502 1102 2563 Si

144 2603 299 2685 paululum
320 2605 463 2686 quiescat,
485 2625 543 2665 non
563 2603 653 2666 modo
668 2604 814 2666 redituras
830 2602 920 2665 militi
934 2602 1027 2671 vires}
1049 2599 1102 2661 sed

143 2703 274 2763 bostium
302 2723 340 2764 ex
371 2703 575 2784 desperatione
603 2712 706 2764 natam
733 2701 901 2774 audaciam,
920 2710 1054 2782 tempore
1072 2709 1104 2760 et

143 2802 243 2882 spatio
265 2803 374 2862 rectius
390 2803 492 2862 omnia
509 2800 674 2862 ostimaudi
694 2801 888 2862 defecturam.
930 2797 1026 2859 Nune
1049 2797 1103 2858 ad·

144 2898 205 2962 hue
226 2898 297 2959 dum
319 2900 408 2960 animi
428 2898 558 2970 caleant,
581 2919 650 2960 aere
666 2899 800 2980 praelimn
813 2897 963 2958 fauturos:
983 2895 1037 2955 ubi
1056 2913 1103 2955 re·

143 2995 264 3056 frixerit
282 2997 419 3078 impetus,
440 3005 471 3056 et
485 2997 574 3057 modo
594 2997 808 3058 validissimum
821 2998 916 3077 juxta
933 3015 966 3056 se
987 2994 1103 3054 exerei-

143 3103 221 3163 tum,
235 3113 291 3155 neo
304 3095 408 3176 proeul
421 3095 490 3155 inde
503 3105 595 3176 caput
608 3115 704 3155 rerum
717 3094 850 3155 Romam
863 3093 1103 3172 reoegituver‘int,

145 3191 237 3252 modo
253 3211 372 3253 suarum
385 3191 634 3274 adverserumque
647 3193 776 3274 partium
792 3192 995 3274 reputaverint
1011 3189 1104 3250 fortu-

144 3297 290 3360 nam‚eut
299 3290 446 3370 posituros
456 3309 549 3361 armo,
558 3299 612 3351 out
618 3291 893 3351 minusoonstsnter
900 3286 1104 3370 opposituros.'

149 3421 153 3428 ·
187 3393 239 3447 10.
262 3385 350 3446 Nihil
361 3397 456 3447 motus
469 3388 573 3448 horum
582 3386 720 3468 precibus
730 3407 765 3447 ao
774 3387 893 3446 monitis
903 3383 1003 3466 Sylla,
1018 3381 1104 3444 ‘Jam

145 3485 177 3545 in
198 3505 237 3546 eo
252 3505 298 3544 res
317 3485 383 3556 est,’
402 3485 510 3566 inquit,
534 3493 589 3546 ‘ut
607 3484 688 3567 quod
709 3493 803 3545 restat
817 3485 939 3565 negotii,
953 3482 1106 3544 eeleritate

144 3581 255 3644 oonfioi
268 3582 387 3644 debeat.
431 3582 511 3644 Mori
529 3592 663 3672 praestet,
685 3582 870 3664 quambene
887 3580 963 3643 ferre
981 3581 1105 3661 ignomi-

144 3680 239 3751 niam,
253 3688 297 3751 ut,
310 3701 358 3740 me
369 3680 508 3741 ineolumi
520 3690 552 3742 et
561 3683 757 3763 inspectante,
769 3679 921 3742 Samnites
934 3677 1106 3758 Lunamque
1168 3723 1177 3730 -

145 3777 297 3837 obsedisse
322 3775 453 3838 Romam
474 3778 646 3858 glorientur.
687 3774 783 3839 Tecta
801 3778 893 3848 urbis,
912 3786 944 3835 et
956 3773 1106 3855 Capitoli·

147 3889 217 3932 num
245 3893 356 3946 arcem,
378 3883 410 3936 et
431 3875 574 3955 quiequid
596 3875 638 3936 ibi
660 3875 795 3936 Deorum
817 3874 1027 3951 bominumque
1049 3879 1106 3939 est,

146 3971 264 4050 quoties
283 3973 470 4053 respicerem,
492 3975 674 4054 exprobrem
695 3973 769 4034 mihi
787 3971 837 4032 vel
854 3968 1045 4030 timiditatem
1057 3965 1108 4027 rel

148 4068 361 4146 negligentiam
371 4069 532 4143 crederem,
544 4071 568 4130 si
577 4068 755 4130 unumdiem
766 4064 1034 4130 amieosnostrosin
1044 4082 1107 4122 me-
1136 4089 1139 4096 ·

148 4171 192 4237 Ν,
207 4165 402 4238 adversarios,
415 4169 440 4227 si
458 4169 510 4248 qui
527 4167 690 4229 etiamnum
709 4165 819 4226 Romae
837 4172 917 4234 munt,
931 4163 960 4221 in
974 4181 1028 4241 spe
1040 4177 1106 4219 ver·

147 4263 206 4320 ”ti
220 4281 325 4343 persus
336 4283 440 4324 essem.
483 4263 595 4345 Neque
606 4264 734 4324 militum
748 4261 965 4330 lessibudinem,
980 4277 1035 4317 neo
1047 4255 1107 4316 for·

148 4365 229 4418 tunae
240 4359 468 4422 inconstantiam
482 4361 531 4441 obj
536 4361 662 4421 eceritie.
692 4359 840 4421 Viverent
853 4357 953 4420 adhue
965 4356 1109 4414 immense

151 4447 278 4518 hesum
305 4459 435 4539 agmine,
463 4480 557 4539 neque
584 4459 778 4520 Praenestisis
803 4457 948 4518 menibus
975 4452 1107 4516 Marium
