3300 5225
850 602 887 654 u·.‘
908 596 1026 654 urvn'·

533 747 622 831 Sylls
630 749 670 809 sb
679 743 1394 814 externisosisreuienshostisltsiieridebstun
1407 763 1483 804 oon·
1524 748 1527 754 '

398 917 403 922 Ι
531 845 611 908 eules
628 855 660 906 et
677 844 778 908 Gerbo
792 845 914 929 privetis
931 843 1037 905 studiis
1047 843 1219 924 reipublice
1231 839 1359 902 smsbile
1372 859 1480 899 nomeu
1497 880 1501 889 .

530 941 745 1004 obtendersut’

570 1045 619 1100 11.
641 1038 759 1120 Vulgus
768 1040 857 1120 igitur
867 1025 1192 1100 certetimssorsrneutu
1201 1033 1478 1106 dioebst,totiiius·
1608 1086 1613 1107 ,

527 1135 615 1197 trium
626 1137 755 1198 viromm
768 1137 944 1198 suetoritste
960 1145 1152 1206 commotum,
1167 1135 1218 1215 qui
1231 1133 1364 1214 pertibus
1375 1153 1409 1192 se
1420 1131 1477 1193 du·

527 1251 578 1293 ces
587 1233 760 1296 offerebsnt.
789 1233 824 1295 N
826 1255 875 1296 srn
884 1242 989 1315 preter
1001 1234 1115 1314 eosqui
1126 1231 1216 1293 modo
1229 1239 1299 1291 suut
1308 1230 1477 1300 minorati,
1610 1217 1615 1253 '

526 1326 591 1410 Ap.
611 1328 766 1404 Claudius,
786 1331 829 1399 Q.
848 1329 1005 1403 Sertorius,
1026 1329 1065 1393 C.
1085 1330 1202 1391 Murius
1220 1327 1403 1398 adolescens,
1426 1325 1478 1394 M,

526 1423 655 1500 Marius,
675 1427 758 1488 clere
772 1427 892 1490 numius
909 1427 1051 1488 oderunt:
1068 1435 1210 1509 pretems
1230 1423 1351 1494 Marcii,
1374 1421 1475 1494 Bruti,
1612 1440 1616 1459 ¹

524 1521 645 1595 Albini,
667 1525 773 1606 quibus
799 1526 920 1607 insuper
945 1522 1167 1595 Albinovsnus,
1192 1521 1316 1582 Flavius
1340 1519 1477 1580 Fimbris

525 1617 595 1680 cui
617 1621 720 1695 freter,
742 1620 953 1702 Damasippus,
978 1629 1010 1680 ut
1029 1620 1069 1680 sb
1093 1619 1186 1680 Italis
1206 1617 1253 1680 M.
1278 1617 1475 1697 Lamponius,

523 1712 654 1778 Pontius
663 1717 829 1790 Telesinus,
842 1717 940 1777 Gutts
952 1716 1114 1798 Capusnus
1125 1723 1320 1776 uooessenrut.

420 1846 428 1865 ·
563 1819 613 1874 12.
635 1812 760 1875 Interim
774 1813 863 1894 Sysss
873 1823 973 1874 certus
986 1815 1016 1872 iu
1029 1813 1153 1873 Itslisru
1166 1810 1298 1884 munire,
1311 1830 1366 1891 per
1376 1808 1472 1870 ‘lues-

521 1907 600 1971 sulos
621 1918 653 1970 et
679 1909 892 1971 Macedonium
918 1909 1140 1992 Dynhoehium
1166 1907 1315 1989 profectus
1338 1915 1396 1978 est,
1419 1907 1472 1966 nbi

520 2005 644 2066 cimus
656 2007 695 2068 sd
707 2009 809 2088 oopiss
820 2006 1054 2088 trnuspoueudus
1062 2025 1214 2067 ooourrere
1222 2007 1361 2084 jusserat.
1404 2003 1471 2064 Hie

519 2099 578 2162 ioci
590 2111 731 2184 satyrum,
746 2104 851 2184 quales
869 2123 889 2164 s
908 2103 1070 2184 pictoribus
1083 2113 1115 2162 et
1128 2103 1224 2183 poetis
1239 2099 1401 2179 tinguntur,
1416 2099 1471 2162 sd·

517 2194 639 2258 duonum
659 2197 699 2260 sd
722 2199 840 2282 Syllam
861 2198 969 2271 serunt,
990 2200 1022 2260 iu
1046 2198 1220 2280 Nymphseo
1240 2206 1374 2279 ceptum,
1398 2217 1469 2258 cunr

516 2289 593 2353 forts
615 2315 716 2357 somno
733 2315 855 2378 operum
875 2295 970 2358 deret.
1011 2294 1031 2353 J
1035 2303 1108 2356 uxts
1125 2293 1322 2376 Apollonium
1337 2293 1470 2354 vicium

355 2403 495 2524 ute
515 2386 716 2549 ,ῗέἕὲῖῑῖζὲ
726 2389 1469 2571 ἂῒίἶξζῖςῖᾎῗῖἕὶῆῗξῆῒζέπῖἷὲῑζῒ

334 2589 338 2598 “
515 2603 600 2645 reue
622 2586 771 2668 perpetuis
787 2585 870 2647 reiut
893 2584 1031 2649 fluetibus
1052 2584 1238 2647 evolvuntur.
1279 2583 1359 2645 Eum
1378 2583 1469 2663 igitur

412 2694 421 2711 ¹·
514 2690 658 2762 sstyrurn,
671 2682 772 2743 multis
786 2681 927 2744 edhibitis
943 2684 1089 2744 verinum
1101 2684 1233 2763 gentiunt
1244 2681 1466 2763 interpretibus,

514 2777 593 2839 unde
605 2788 658 2840 sut
669 2779 804 2859 quisnam
819 2790 897 2841 esset
914 2779 1137 2861 intenogstuiu,
1157 2799 1226 2840 euni
1237 2780 1398 2839 humum
1410 2798 1465 2839 ro-

511 2892 576 2935 oeiu
595 2876 719 2948 nulium,
736 2876 788 2937 sed
807 2876 892 2939 velut
910 2898 950 2937 ex
970 2876 1094 2939 buum·
1113 2877 1287 2959 hinnitusque
1306 2874 1465 2937 confusum

510 2990 614 3035 sonum
625 2972 777 3046 edidisset,
791 2971 880 3054 Sylla
891 2994 945 3055 pro
956 2982 1087 3034 monstro
1096 2983 1315 3035 urersstusssre
1325 2972 1464 3034 truditur.

512 3065 582 3129 Nee
596 3068 673 3130 uitrn
684 3071 798 3152 reperio
810 3069 920 3131 dimitti
927 3072 1060 3152 jusserit,
1073 3091 1111 3132 sn
1122 3090 1193 3132 uero
1201 3068 1308 3144 occidi,
1318 3077 1371 3130 sut
1380 3069 1462 3151 quod

509 3166 628 3225 omuino
640 3168 679 3227 sit
690 3188 727 3228 eo
739 3168 863 3230 fuctum.

549 3264 599 3317 18·
621 3261 683 3323 Sed
700 3264 901 3345 postquem'in
916 3272 1082 3347 sstyrorusu
1097 3264 1277 3324 mentionem
1290 3262 1460 3337 incidimus,

508 3354 655 3413 neminem
670 3356 908 3434 reprehensum
918 3368 1003 3433 puto,
1012 3360 1037 3415 si
1046 3380 1114 3433 quse
1126 3359 1166 3420 de
1178 3358 1225 3419 his
1236 3359 1308 3419 mihi
1317 3360 1399 3421 leuts
1408 3371 1463 3421 sut

506 3448 620 3509 credits
630 3460 708 3521 sunt,
727 3450 829 3532 psuuis
841 3468 994 3531 uperuero.
1035 3446 1105 3509 Jssu
1117 3456 1255 3530 penum,
1268 3465 1303 3513 ut
1315 3455 1379 3518 slis
1392 3478 1460 3539 pss-

506 3544 562 3603 siin
575 3556 733 3606 occurrunt
750 3548 781 3607 in
800 3554 906 3607 usturn
922 3565 1026 3627 purum
1038 3545 1245 3607 oouveuientis
1256 3546 1373 3625 iegibus
1386 3571 1461 3631 quss
1476 3576 1482 3591 ·

505 3640 642 3703 hunisuae
662 3643 814 3725 opiniones
835 3643 1043 3721 isnsgiusutsu,
1058 3642 1102 3702 its
1121 3643 1231 3703 mixtus
1252 3642 1406 3705 homiuum
1423 3668 1459 3709 se

504 3738 669 3800 bellusmm
682 3738 792 3802 formes
803 3740 932 3801 existere
943 3760 1039 3821 pose,
1053 3738 1160 3799 mtioni
1169 3739 1291 3799 minime
1301 3753 1458 3823 repugnet.

504 3833 566 3895 Sed
578 3855 617 3898 ex
628 3837 732 3898 eedem
745 3838 860 3899 ratione
872 3835 1060 3896 menifestum
1073 3846 1128 3908 est,
1142 3856 1201 3895 non
1214 3834 1282 3896 ideo
1290 3840 1392 3899 stutirn
1402 3860 1456 3901 ex·
1502 3839 1509 3853 '

502 3931 588 3993 istere
602 3934 743 4015 quioquid
755 3942 872 4015 potestz
891 3942 923 3995 et
938 3932 978 3993 de
992 3933 1073 3994 omni
1090 3952 1122 3993 re
1138 3933 1386 4009 extraordinaris,
1401 3939 1456 3998 nisi

427 4106 432 4114 ι
501 4028 588 4089 bouis
599 4031 733 4103 testibus,
748 4032 848 4111 inepte
860 4029 961 4100 oredi;
979 4050 1034 4091 nee
1054 4028 1116 4088 iliis
1128 4038 1228 4089 tumen
1240 4030 1320 4091 uitus
1331 4033 1453 4097 ereden-

500 4122 584 4197 dum,
596 4146 684 4207 quum
698 4127 798 4208 quosd
812 4126 911 4187 idonei
924 4136 1013 4187 testes
1028 4146 1092 4188 esse
1104 4136 1235 4207 possunt.

540 4228 590 4286 14.
613 4222 711 4304 Igitur
735 4224 766 4286 iu
792 4226 928 4307 presenti
955 4224 1085 4305 negotio,
1107 4235 1282 4307 oonspeotss
1303 4230 1449 4308 ejumodi

530 4400 543 4437 δ
565 4404 607 4454 Ex
621 4404 713 4470 huss]
730 4406 870 4460 Debuerst
889 4406 988 4461 sdders
1003 4406 1195 4474 Freinshemius
1205 4408 1278 4474 ses,
1295 4410 1365 4477 qnod
1385 4410 1446 4463 Plu·

498 4468 605 4521 turcius
615 4472 751 4537 expressit.
769 4472 841 4525 Cres.
