3300 5225
403 552 491 619 4552
885 572 922 619 r.
945 570 1037 624 urvrr

566 713 661 785 tantist
672 718 735 773 ast:
757 732 818 793 quo
833 722 942 775 oetam
958 714 1099 775 civitam
1111 713 1209 786 Asiae,
1226 723 1385 797 postquam
1396 716 1519 778 Pontici

402 808 510 874 upplun.
565 810 642 889 regis
654 830 747 871 causa
759 810 855 872 multa
867 810 998 873 nefanda
1009 811 1156 885 lecerunt,
1165 814 1206 873 ab
1216 812 1270 875 illo
1278 814 1406 896 primum
1418 816 1521 875 miser-

565 908 639 969 rime
651 916 781 981 vexatae,
795 908 904 969 deinde
918 931 938 970 a
949 910 1112 970 uictoribus
1124 911 1419 989 mummolenus
1431 922 1519 982 srrut3

566 1002 706 1067 Rhodios
715 1014 805 1087 atque
815 1006 989 1086 Magnetas,
998 1017 1032 1067 et
1043 1008 1082 1067 ab
1095 1008 1178 1069 hosta
1190 1017 1272 1069 tutos
1284 1010 1387 1100 uirtus,
1395 1020 1428 1070 et
1439 1005 1521 1092 apud

565 1102 709 1185 populum
732 1102 907 1165 Romamn
928 1102 1005 1165 fides
1025 1124 1112 1166 caros
1133 1105 1350 1187 honoratosque
1373 1109 1521 1188 pmstitit.

566 1199 652 1261 Nam
662 1200 779 1263 Rhodii
792 1202 939 1263 moenibus
948 1204 1149 1285 portubusque
1158 1206 1359 1275 communitis,
1368 1205 1522 1265 machinas

566 1297 641 1359 locis
653 1298 829 1379 opportunis
838 1299 1009 1379 frequentes
1021 1309 1234 1381 opposuerunt,
1247 1321 1267 1361 a
1275 1299 1523 1362 Telmisrensibus

565 1395 744 1475 quibusdam
756 1404 789 1457 et
798 1395 900 1476 Lyciis
911 1396 1018 1476 adjuti.
1055 1396 1263 1459 Romanorum
1274 1400 1366 1460 etiam
1377 1399 1521 1469 omniurn,

567 1492 620 1572 qui
638 1492 732 1553 vitare
751 1490 961 1554 crudelitatem
978 1492 1184 1555 Asiaticorum
1201 1504 1373 1576 potueruut,
1386 1495 1523 1575 interque

566 1608 618 1649 eos
632 1587 667 1649 L.
681 1587 791 1660 Cassii,
806 1589 860 1670 qui
873 1590 1031 1670 procoqu
1049 1600 1115 1651 erat
1131 1590 1228 1663 Asiae,
1246 1602 1384 1673 receptus
1399 1591 1469 1651 fuit.

610 1691 659 1749 17.
680 1685 729 1747 Ar
754 1684 949 1747 Mithridates
976 1687 1112 1764 instituta
1142 1689 1173 1748 in
1201 1686 1300 1749 coum
1320 1690 1522 1767 nauigatione,

567 1790 682 1863 promte
701 1791 853 1863 susceptus
870 1785 910 1843 ab
930 1783 1098 1865 oppidanis,
1116 1782 1288 1847 Alexandri
1308 1786 1361 1866 qui
1378 1805 1474 1867 nuper
1493 1787 1523 1845 in

568 1878 701 1960 AEgypto
720 1888 895 1958 rogassent
914 1878 1009 1940 lilium
1023 1880 1162 1952 abduxit,
1175 1882 1316 1962 regioque
1327 1902 1429 1943 secum
1440 1881 1524 1943 cultu

567 1974 684 2037 habuit.
725 1976 787 2037 Sed
800 1998 840 2038 ex
852 1978 1008 2049 thesauris,
1021 1998 1097 2059 quos
1113 1978 1226 2039 ibidem
1246 1980 1316 2040 aria
1333 1980 1416 2060 pueri
1432 1978 1524 2039 Cleo-

568 2082 655 2153 patra
667 2084 816 2155 posuerst,
830 2095 953 2155 magnas
966 2096 1047 2157 opes,
1068 2074 1276 2157 mundumque·
1285 2077 1474 2148 muliebrem,
1493 2086 1525 2137 at

568 2168 631 2229 alia
655 2169 766 2253 lapillis
789 2182 844 2233 aut
862 2182 926 2234 arte
948 2174 1088 2255 pretiosa,
1105 2172 1290 2255 signataque
1310 2174 1447 2255 pecnnia
1463 2175 1525 2233 rim

423 2274 502 2325 strab.
517 2288 558 2339 ap.
570 2269 689 2331 minime
707 2270 902 2351 spernendam
920 2272 951 2331 iu
972 2271 1106 2332 Pontum
1122 2272 1239 2331 mittere
1259 2292 1318 2332 uon
1341 2279 1388 2331 est
1403 2270 1525 2332 oblias.

405 2340 509 2455 {22⁰⁹ss
571 2364 698 2447 Reperit
713 2368 805 2429 etiam
816 2367 928 2428 ibidem
945 2368 1073 2449 pretium
1092 2368 1273 2429 talentorum
1289 2369 1526 2447 octingentorum

425 2470 478 2520 α..
490 2437 533 2534 ..ἑο
571 2462 602 2521 n
614 2466 711 2535 turos
728 2464 808 2545 quor
827 2464 958 2525 numer
975 2463 1087 2537 rnen,
1100 2474 1135 2526 ut
1152 2464 1395 2545 numm
1415 2483 1525 2545 expor-

407 2534 691 2666 ffiff'taretur,
717 2561 917 2643 collegamn
938 2561 1056 2635 deinde,
1083 2562 1157 2644 quia
1183 2561 1393 2624 Mithridatem
1413 2572 1526 2623 metue«

570 2659 655 2730 bant,
671 2659 752 2741 apud
763 2658 857 2733 (loos,
870 2669 1013 2741 tanquam
1023 2661 1169 2721 tutissimo
1182 2660 1262 2732 loco,
1274 2657 1486 2740 deposuerant

407 2761 538 2840 nunquit.
612 2763 662 2816 18.
683 2755 776 2817 Omni
797 2757 968 2818 continente
989 2756 1088 2829 Asin,
1109 2756 1271 2837 iniuriisque
1291 2757 1322 2816 in
1348 2765 1526 2837 potestatem

407 2828 515 2894 Aron·
571 2851 709 2926 mnus,
722 2875 792 2916 cun
812 2855 879 2916 sou
899 2854 1029 2916 numu
1047 2855 1206 2927 mcum,
1220 2854 1417 2916 advrsum
1429 2855 1460 2914 u
1472 2874 1526 2934 ψ

572 2953 783 3031 pugnationem
796 2955 863 3034 ejus
876 2954 957 3013 urbis
969 2973 1022 3012 ren
1037 2953 1182 3013 incubuit.
1214 2951 1285 3012 Jam
1298 2961 1368 3012 ante
1380 2951 1483 3031 plnres
1496 2951 1526 3010 in

572 3049 650 3110 hunc
667 3071 751 3110 usum
773 3071 865 3112 naues
881 3050 1072 3112 fabricandas
1091 3058 1258 3111 curaverat.
1301 3047 1364 3110 His
1376 3047 1526 3128 perlectis,

570 3165 639 3208 cum
654 3149 765 3226 ingenti
780 3148 878 3210 classe
899 3148 938 3209 sd
959 3147 1086 3208 insulam
1098 3158 1144 3208 est
1160 3147 1313 3208 aduectus
1343 3144 1462 3206 Rhodii
1481 3144 1526 3204 di·

571 3246 656 3316 rutis,
669 3265 706 3306 ue
725 3267 786 3326 qua
802 3247 938 3308 hostibus
954 3245 1128 3326 adjumento
1147 3244 1256 3316 forent,
1276 3243 1438 3313 suburbiis,
1459 3261 1528 3302 aras

570 3362 691 3423 quoque
717 3363 807 3404 naues
835 3346 1046 3414 instruxerunt,
1076 3345 1121 3404 ita
1144 3343 1272 3402 formata
1297 3342 1374 3412 acie,
1397 3351 1434 3401 ut
1458 3341 1527 3400 ulie

572 3448 654 3502 recta
671 3441 702 3501 in
720 3441 834 3502 hostem
855 3442 1014 3512 ferrentur,
1031 3441 1099 3501 alia
1118 3461 1137 3501 s
1157 3440 1301 3500 lateribus
1317 3438 1453 3499 lacerent
1472 3442 1527 3498 im·

570 3545 683 3617 petum.

615 3639 663 3694 19.
686 3633 746 3696 Sed
762 3633 957 3696 Mithridates
975 3654 1044 3696 cum
1062 3635 1266 3716 quinqueremi
1280 3634 1527 3695 srraeireumuec·

572 3737 633 3800 tus,
647 3731 840 3812 precipiebat
850 3733 922 3804 suis,
935 3740 970 3791 ut
982 3733 1013 3793 in
1033 3731 1128 3794 altrum
1145 3732 1318 3795 recedentes
1329 3730 1530 3812 producerent

572 3847 676 3898 cornu,
701 3827 851 3907 celerique
875 3828 984 3889 deinde
1009 3829 1133 3908 remigio
1157 3829 1312 3910 pauciores
1337 3827 1527 3888 Rhodiorum

573 3943 665 3985 naves
676 3925 894 3986 circumventas
906 3925 1101 3987 includerent
1131 3925 1170 3987 ld
1182 3927 1357 4008 priusquam
1368 3923 1458 3987 fieret
1468 3948 1528 3987 sru-

573 4023 675 4102 picata
694 4021 797 4083 classis
819 4022 1020 4095 Rhodiorum,
1041 4025 1149 4109 sensim
1173 4045 1192 4085 e
1218 4024 1322 4105 praelio
1342 4045 1376 4084 se
1395 4024 1529 4105 recepit:

573 4137 644 4179 mox
657 4121 797 4201 expans'n
810 4121 886 4181 uelis
897 4120 1006 4201 refugit
1018 4123 1049 4182 in
1061 4131 1189 4203 portum.
1230 4121 1379 4181 Ponticos
1390 4121 1530 4182 celeriter

572 4213 761 4298 insequentes
770 4219 907 4300 opposita
916 4219 1047 4280 claustra
1056 4219 1429 4300 prohibueruntingressu:
1443 4217 1530 4278 simul

605 4383 617 4418 ‘¹
637 4383 788 4435 l'uleutorm
803 4387 993 4449 “argutorum
1006 4387 1034 4436 ia
1069 4399 1142 4436 more
1154 4386 1240 4442 solito,
1250 4343 1431 4448 argenti-esre
1442 4385 1531 4436 eristi·

573 4447 645 4510 auro]
662 4447 739 4512 Apud
757 4451 1033 4514 losephurnaurioon
1070 4465 1179 4501 mamus.
1227 4451 1341 4501 Talenta
1374 4451 1530 4514 octingenta

574 4511 728 4566 firmantia.
759 4515 856 4583 ltaque
869 4517 1036 4584 omitte,
1068 4513 1403 4572 annunciantium.
1421 4519 1495 4568 cm.
