3300 5225
400 578 492 650 ⁴566
881 598 919 646 r.
942 597 1038 649 urvrr

565 758 645 801 merc
668 749 846 825 potestatem
867 745 1019 826 cupiebat,
1040 741 1108 805 euin
1130 742 1195 805 viro
1217 742 1280 803 acri
1301 712 1393 823 atque
1409 740 1521 803 diserto

417 839 710 901 Plutsntcommitti
744 850 884 901 uteretur.
917 841 982 909 Qui
1053 840 1201 903 Sertorius
1211 838 1256 901 ita
1267 840 1443 901 rematruin
1456 838 1523 899 l'oro

723 861 743 921 P
983 862 1040 923 ΡΡθ

401 924 425 960 ⁰·
436 912 461 959 ⁸⁶
565 935 675 1010 suerat,
689 946 723 997 ut
735 938 833 998 adbuc
845 938 1086 1000 adolescentulus
1098 937 1272 999 nonnullam
1286 938 1317 997 in
1330 938 1403 997 urbe
1416 946 1523 1019 poten·

580 1032 586 1047 .
720 1034 726 1047 .
853 1036 859 1049 .
1153 1038 1160 1049 .
1254 1056 1261 1071 ι
1470 1052 1523 1093 m·

564 1035 1525 1214 iimrddrffmiiiii‘zf‘ffl..

418 1236 474 1353 Cpq.
484 1236 554 1287 Brut
566 1237 722 1307 ageret,ut
736 1250 793 1291 uon
807 1228 885 1290 alius
896 1230 963 1309 ejus
974 1228 1088 1290 ordinis
1098 1228 1226 1293 solutius
1237 1228 1412 1308 acutiusque
1421 1226 1525 1289 dicere

401 1320 425 1353 ‘·
470 1338 477 1352 ·
587 1336 730 1387 uteretur.

403 1432 511 1500 Appios
540 1452 545 1460 ·
566 1345 587 1407 p
607 1428 637 1482 5.
659 1402 799 1483 Ceienrm
811 1442 882 1483 cum
895 1442 935 1483 ex
950 1422 1022 1483 urbe
1036 1421 1136 1483 Cinna
1147 1421 1338 1503 profugisset,
1350 1429 1475 1481 senatus
1485 1420 1526 1491 ei,

567 1520 647 1601 quod
660 1520 875 1602 rempublicam
884 1520 988 1582 consul
1001 1520 1186 1592 deseruisset,
1196 1530 1228 1581 et
1241 1519 1281 1580 od
1295 1518 1465 1579 libertatem
1475 1538 1528 1580 ro·

402 1630 456 1681 ls'v.
468 1630 535 1697 Epir.
566 1628 664 1679 casset
675 1620 806 1691 servitia,
820 1619 1025 1699 magistratum
1038 1618 1211 1696 abrogarim
1233 1618 1262 1676 in
1281 1616 1381 1677 locum
1400 1617 1470 1695 ejus
1490 1615 1528 1681 1..

401 1697 538 1811 Vl⁰{}·‘¹⁰
568 1715 710 1778 Cornelio
731 1714 864 1789 Merula,
884 1718 936 1799 qui
955 1715 1063 1777 flamen
1084 1715 1184 1775 Dialis
1195 1723 1272 1786 erut,
1285 1714 1421 1775 suffecto.
1464 1712 1530 1775 Hrs

418 1764 555 1877 bibliis:
568 1812 667 1876 Cinna
678 1816 838 1895 compertis
858 1836 929 1876 cum
952 1813 1091 1895 Capuam
1104 1814 1243 1886 venisset,
1255 1814 1308 1872 ubi
1321 1812 1387 1893 Ap.
1402 1809 1529 1872 Claudii

402 1897 499 2006 2⁶93„
565 1911 717 1973 exercitus
729 1921 805 1983 erat,
818 1912 986 1973 conciliatis
998 1911 1055 1972 sibi
1069 1910 1205 2005 tribunis,
1225 1918 1258 1970 et
1278 1916 1427 1990 quotquot
1449 1908 1529 1969 forte

402 1972 537 2087 affaire
566 2011 606 2071 ab
619 2011 693 2072 urbe
711 2020 863 2071 senatores
881 2010 1017 2080 adeunt,
1030 2007 1180 2070 consulari
1200 2007 1306 2068 babitu
1323 2006 1353 2065 in
1372 2006 1529 2086 publicum

402 2088 510 2153 Appim.
565 2128 745 2189 promemus,
759 2127 830 2169 mox
845 2106 973 2190 profusis
990 2105 1109 2167 abunde
1127 2104 1268 2187 lacrymis
1285 2102 1439 2163 discedere
1455 2122 1528 2171 curu

564 2204 695 2267 fascibus
714 2204 834 2265 lictores
843 2205 947 2284 jussit.

606 2308 637 2363 6.
660 2310 669 2339 ‘
683 2300 726 2361 Et
738 2301 792 2361 bos
804 2300 950 2381 quidem,'
963 2300 1071 2380 inquit,
1092 2307 1101 2336 ‘
1114 2304 1211 2360 restro
1223 2296 1369 2357 hactenus
1379 2295 1531 2357 beneficio

565 2398 669 2471 habui,
684 2400 775 2471 cives,
791 2398 895 2480 populi
908 2398 1057 2476 suffragiis
1069 2406 1187 2457 creatus
1197 2396 1313 2457 consul.
1349 2394 1412 2455 Sed
1426 2397 1532 2455 incon·

565 2496 645 2557 uultu
658 2496 746 2577 plebe
760 2496 903 2555 honorem
916 2496 989 2555 mibi
1005 2502 1127 2555 senatus
1145 2494 1281 2555 abstulit.
1323 2492 1529 2583 Acerbaom-
1583 2512 1591 2527 ·

566 2594 637 2656 nino
658 2594 830 2674 ignominia,
843 2592 897 2654 sed
921 2594 952 2654 in
974 2614 1035 2675 qua
1057 2590 1123 2673 plus
1142 2601 1271 2654 vestrum
1291 2591 1404 2652 irascor
1417 2592 1530 2662 vicem,

566 2713 657 2772 quam
671 2711 767 2752 meam
780 2690 879 2752 doleo.
914 2690 999 2752 Nam
1013 2691 1085 2751 mibi
1098 2689 1219 2771 quidem
1232 2691 1320 2750 unius
1332 2690 1405 2750 anni
1418 2690 1531 2766 magis·

567 2790 765 2860 tratus,vobis
774 2790 805 2848 in
819 2809 907 2850 omne
915 2798 1033 2871 tempus
1037 2790 1090 2868 jus
1103 2798 1244 2860 vestrum,
1252 2798 1293 2859 et,
1302 2789 1328 2848 si
1337 2787 1532 2848 animadver-

567 2888 641 2958 titis,
653 2886 773 2948 libertas
786 2888 884 2969 periit.
926 2887 1011 2954 Quid
1023 2887 1104 2946 enim
1124 2895 1229 2968 postea
1245 2885 1389 2946 demereri
1408 2885 1533 2967 plebem

567 2983 707 3046 studeant
726 2985 900 3047 candidatil
941 2984 1010 3046 Aut
1031 3005 1171 3065 quorsum
1193 3005 1248 3046 vos
1265 2984 1456 3044 comitiorum
1475 3003 1533 3063 po·

568 3089 675 3152 mutes,
688 3093 844 3162 vestroque
867 3082 897 3141 in
920 3101 1009 3142 manu
1022 3081 1196 3142 consulatus
1214 3091 1307 3162 atqm
1322 3081 1452 3161 imperia
1464 3097 1534 3139 esse

568 3177 709 3238 creditis?
752 3180 786 3240 Si
800 3191 862 3241 tam
876 3179 995 3241 infirma
1006 3189 1096 3261 atque
1106 3179 1261 3240 instabilia
1270 3177 1419 3242 beneficia
1429 3187 1537 3240 vostra

567 3285 646 3348 sunt,
670 3286 702 3338 et
718 3297 787 3358 quae
809 3279 886 3338 bene
899 3277 938 3338 de
959 3277 1046 3338 vobis
1058 3278 1171 3338 meritis
1181 3277 1319 3351 dedistis,
1331 3299 1370 3340 ea
1382 3297 1437 3360 per
1445 3275 1534 3338 male

566 3375 687 3436 meritos
698 3384 760 3436 tam
773 3373 864 3436 facile
877 3374 1071 3437 auferuntur!

609 3477 638 3534 7.
662 3470 759 3533 Simul
782 3471 880 3534 multa
901 3473 941 3533 de
962 3471 1129 3555 republica,
1151 3471 1248 3531 multa
1269 3470 1309 3532 de
1329 3471 1392 3531 suis
1414 3471 1538 3548 injuriis

568 3577 699 3649 quesbus,
712 3577 796 3630 veste
809 3570 942 3631 lacerata
953 3565 992 3631 de
1004 3568 1148 3630 tribunali
1160 3567 1285 3640 desiliit,
1297 3577 1330 3628 et
1348 3569 1380 3628 in
1398 3567 1538 3628 mediam

567 3665 740 3727 concionem
752 3667 842 3727 misso
854 3688 978 3749 corpore
990 3667 1042 3729 diu
1058 3667 1159 3748 Jacuit
1169 3667 1253 3726 humi
1265 3686 1274 3726 t
1295 3664 1392 3726 donec
1404 3665 1539 3747 permoti

568 3763 770 3825 misericordia
781 3765 834 3845 qui
847 3765 984 3838 aderant,
995 3775 1156 3826 erexerunt
1173 3765 1336 3836 bominem,
1353 3772 1387 3824 et
1407 3765 1440 3823 in
1461 3783 1539 3842 sug-

569 3869 653 3940 gesto
670 3872 875 3943 reposuerunt,
891 3861 1073 3944 redditisque
1091 3863 1246 3924 lictoribus
1257 3863 1338 3924 bono
1356 3861 1456 3922 animo
1468 3879 1539 3920 esse

562 3962 1239 4138 tttlbstllttt‘tlffitt
1238 3978 1434 4116 ttttt:
1442 3979 1541 4116 3:12.

405 4159 555 4238 Vettiano.
568 4159 718 4232 corrupta,
731 4151 906 4214 conscendit
924 4153 1066 4224 tribuual,
1085 4163 1333 4234 sacramentoque
1354 4152 1450 4225 dicto,
1464 4173 1542 4217 suos

405 4229 511 4292 APP¹⁸¹¹⁰
568 4248 693 4328 quisque
704 4247 735 4307 in
747 4249 840 4309 verba
853 4247 890 4310 L.
904 4247 1012 4310 Cinnae
1024 4235 1155 4312 consulis
1169 4249 1283 4331 adegit.

606 4351 639 4404 8.
660 4345 783 4412 Quibus
794 4346 884 4407 rebus
895 4347 1046 4429 perlectis,
1061 4349 1176 4410 circum
1198 4349 1288 4408 urbes
1305 4347 1454 4409 sociorum
1473 4347 1542 4408 dis-

568 4443 670 4517 currit,
686 4443 738 4526 qui
761 4461 857 4528 nuper
876 4454 962 4507 erant
983 4447 1015 4508 in
1038 4447 1193 4510 civitatem
1214 4446 1281 4528 lege
1298 4445 1386 4508 Juliu
1405 4447 1541 4532 recepti,
