3300 5225
378 546 467 615 4800
543 530 548 540 “
869 570 903 621 r.
927 570 1024 619 nrvrr

379 718 488 787 Appias.
544 728 602 787 que
628 711 783 783 mutinuit,
805 712 876 772 dum
900 714 922 772 'a
943 713 1064 793 reliquis
1087 710 1290 775 nonlioeretur.
1343 712 1485 777 cuore

512 832 521 851 ν
544 807 674 887 eorporis
693 811 768 887 ejus,
784 828 859 888 quos
876 828 991 891 semper
1005 810 1086 871 eirea
1105 830 1137 869 se
1155 810 1298 882 babebat,
1309 809 1414 871 eodem
1425 830 1486 871 mo·

545 914 643 966 mento
656 926 675 965 a
688 908 859 987 praeparatis
871 906 909 967 nd
920 906 1035 969 lacinus
1045 906 1183 988 ooeupnti
1191 914 1282 969 suntf

380 983 435 1099 ξ’·
448 984 515 1051 3⁹¹⁸·
587 1006 637 1063 11:
658 1000 709 1063 Its
732 1002 878 1064 Sertorius
898 1005 985 1076 exuit
1005 1005 1110 1075 vitam,
1132 1011 1271 1065 octavum
1292 1012 1360 1085 post
1383 1024 1487 1065 annm

379 1058 511 1181 Livloi'pir.
542 1117 633 1178 quam
647 1098 794 1181 Hispanis
805 1122 838 1161 ss
849 1100 957 1162 ducem
969 1101 1099 1184 prebere
1110 1110 1255 1181 eoeperat3
1277 1120 1405 1181 magnus
1416 1100 1487 1173 dux,

542 1204 574 1255 et
595 1194 735 1257 adversus
753 1197 830 1259 duos
846 1200 1047 1280 imperatores,
1069 1197 1247 1279 Pompeium
1268 1208 1301 1259 et
1320 1197 1488 1270 Metellum,

543 1310 621 1374 sape
634 1314 698 1375 par,
712 1294 761 1357 vel
779 1295 961 1377 frequentius
972 1296 1087 1356 victor:
1108 1293 1147 1355 nd
1164 1295 1301 1356 ultimum
1317 1295 1451 1356 deserum
1460 1305 1489 1355 et

543 1388 684 1469 proditus.
728 1391 889 1474 Imperium
904 1392 1030 1474 partium
1043 1390 1084 1452 ad
1102 1391 1149 1453 M.
1163 1392 1347 1473 Perpernam
1365 1391 1489 1452 transh-

543 1494 605 1547 tum
617 1499 674 1560 est,
687 1488 767 1569 quod
784 1490 875 1549 bomo
894 1508 988 1550 vanus
1007 1497 1038 1548 et
1052 1488 1169 1568 ineptus
1185 1489 1257 1549 olim
1269 1490 1488 1569 concupiverat,

543 1584 615 1645 nibil
632 1587 661 1646 ei
674 1587 882 1667 prestiturum,
895 1586 950 1645 nisi
961 1594 1004 1655 ut,
1017 1594 1162 1664 quantum
1174 1584 1281 1645 (lucem
1293 1594 1408 1665 quanto
1419 1584 1489 1644 iule-

361 1744 363 1757 .
430 1700 432 1703 ·
542 1680 601 1741 rior
613 1684 676 1763 ipss
687 1682 861 1753 sustulisset,
875 1681 1095 1763 intelligeretur.

585 1786 633 1839 12.
655 1779 725 1841 Neo
737 1790 837 1841 tamen
850 1780 925 1841 illud
938 1790 1000 1841 tam
1013 1780 1119 1841 infelix
1131 1780 1282 1861 premium
1293 1781 1358 1841 sine
1369 1788 1487 1841 eonten-

438 1875 444 1889 '
478 1911 486 1929 ·
543 1875 622 1936 tione
635 1876 785 1939 retulerat.
828 1877 988 1938 Exercitum
997 1884 1066 1959 post
1075 1876 1226 1956 indignam
1235 1876 1488 1949 Semuriicmdem,
1597 1887 1598 1896 ²

541 1973 586 2034 irs
606 1974 637 2032 in
655 1973 937 2035 commiserationem
960 1994 1055 2046 versa,
1080 1973 1328 2047 tumultuabatur,
1353 1975 1489 2035 virtutem

541 2072 643 2143 occisi,
657 2080 689 2131 et
708 2092 762 2132 sua
782 2070 916 2153 pericula
931 2070 1108 2155 reputandoa
1151 2070 1264 2132 ‘Mille
1283 2072 1490 2153 experimentis

540 2167 718 2239 conatum,
727 2168 947 2248 quantumlibet
955 2167 1489 2248 egregiumexeroitum‚arnotoduoe‚
1601 2199 1602 2220 1

454 2334 457 2341 ,
540 2261 623 2324 velut
640 2262 794 2346 pulchrum
806 2284 925 2346 eorpus,
938 2263 1057 2325 ademto
1070 2264 1186 2345 spiritu,
1203 2284 1345 2325 munere.
1390 2264 1489 2326 Unum
1602 2299 1603 2308 κ

539 2361 586 2421 bis
603 2362 784 2443 temporibus
796 2361 884 2422 luisse
897 2362 941 2429 Q.
956 2356 1129 2433 Sertorium,
1143 2362 1196 2441 qui
1212 2360 1274 2421 aine
1292 2362 1411 2443 opibus,
1428 2364 1489 2425 sina

541 2462 678 2539 pecunia,
691 2459 755 2521 sols
767 2462 878 2522 virtute
894 2460 1047 2537 aubnixus,
1065 2458 1227 2519 terribilem
1242 2458 1346 2541 populi
1358 2458 1490 2522 Romani

540 2558 701 2638 potentiam
715 2578 767 2639 per
779 2565 827 2620 tot
838 2576 931 2620 annos
941 2556 1134 2618 sustinuisset
1165 2554 1348 2638 Perpetem,
1361 2556 1489 2631 exulem,

540 2651 717 2728 desolatum,
730 2677 769 2716 ex
790 2656 872 2718 omni
890 2664 1033 2736 tempore,
1046 2673 1086 2713 ex
1101 2653 1182 2714 omni
1200 2656 1330 2733 regione,
1348 2665 1489 2736 tanquam

540 2751 682 2813 miraculo
706 2753 838 2835 quodam
864 2751 1026 2834 productas
1050 2749 1089 2811 de
1114 2749 1209 2812 nihilo
1232 2751 1337 2833 copias
1360 2753 1490 2814 eseiae

539 2849 678 2928 romine·
1094 2877 1098 2883 ⁴

580 2950 631 3006 1³.
654 2943 761 3007 ‘Huic
779 2955 824 3006 tot
841 2945 933 3006 duces
950 2942 1116 3016 Romanor,
1134 2953 1180 3006 tot
1194 2943 1327 3024 legiones
1343 2947 1490 3026 pronubu-

540 3041 616 3101 isse:
642 3051 838 3122 coactumque
850 3050 984 3105 senatum
997 3053 1031 3101 ut
1043 3043 1108 3124 ipsa
1119 3041 1293 3124 reipublice
1307 3039 1491 3104 firmamento

540 3146 629 3220 atque
642 3139 792 3201 columine
805 3141 944 3200 mitteret.
986 3138 1098 3220 Neque
1110 3149 1209 3200 tamen
1226 3147 1281 3199 aut
1292 3147 1423 3200 veterem
1437 3141 1491 3200 mi·

540 3233 614 3296 litim
637 3236 797 3319 gloriasque
824 3236 996 3308 Metellum,
1019 3247 1072 3297 aut
1095 3236 1307 3318 triumphalem
1328 3235 1491 3319 Pompeii⁸

541 3333 782 3407 adolescentiam,
794 3354 967 3416 quanquam
978 3334 1093 3414 junctis
1109 3333 1239 3395 consiliis
1254 3354 1291 3394 ne
1304 3335 1428 3408 riribns,
1440 3338 1492 3396 uui

541 3451 627 3513 pares
638 3453 702 3494 esse
714 3433 853 3514 potuim.
895 3431 969 3493 Hoc
980 3431 1180 3502 defendentes
1187 3432 1352 3492 absentiam
1365 3451 1385 3492 a
1401 3453 1492 3514 pena·

541 3529 620 3591 tibus
640 3531 710 3602 suia,
731 3552 751 3592 a
772 3531 946 3613 propinquis
963 3537 1055 3610 atque
1070 3528 1185 3600 amieis,
1208 3548 1267 3589 non
1283 3527 1421 3602 exilium,
1437 3530 1491 3591 sed

539 3625 675 3688 militiam
700 3629 863 3710 putavisse,
885 3629 965 3687 bona
989 3645 1043 3707 spa
1063 3624 1166 3698 fretos,
1192 3624 1356 3707 aliqnando
1371 3625 1436 3687 fora
1459 3635 1493 3688 ut

540 3724 643 3803 patriae
655 3724 882 3804 domesticisque
892 3741 962 3784 eum
974 3722 1080 3783 laetitio
1091 3721 1245 3804 plerique
1256 3723 1457 3784 restituam.

580 3827 630 3882 14.
651 3819 767 3882 ‘Nune
780 3830 880 3881 autern
895 3819 972 3879 adeo
990 3838 1073 3900 spem
1090 3817 1175 3878 illam
1190 3838 1309 3880 omnem
1319 3816 1490 3891 defluxime,

539 3924 573 3976 ut
593 3918 644 3979 rix
666 3937 791 4000 corpora
805 3937 860 3978 sua
878 3915 1105 3996 libertatemque
1124 3915 1199 3976 satis
1214 3916 1245 3974 in
1262 3923 1328 3976 tuto
1344 3935 1409 3976 aue
1427 3937 1491 3977 ere-

651 4087 667 4136 t
683 4083 860 4136 Desideratnr
870 4084 897 4134 tn
907 4083 1031 4138 ediante
1041 4083 1120 4135 crer.
1133 4081 1243 4133 verbnm
1254 4083 1375 4148 Pompeii.
1479 4142 1485 4153 q

922 4210 1107 4234 ammaon

570 4295 715 4346 ‘otides
736 4295 840 4358 utrovis
857 4294 909 4357 <ias
979 4313 997 4345 ι
1030 4294 1066 4344 tis
1077 4291 1215 4358 Appiana
1225 4301 1363 4345 ormont.
1384 4293 1491 4346 Plum-

537 4359 997 4491 ffiiffgfflgmsm]
1031 4359 1096 4411 ebus
1106 4359 1140 4409 de
1150 4360 1183 4410 iis
1193 4360 1263 4410 silet.
1281 4360 1353 4410 cm.
