3300 5225
355 534 445 599 tete
851 550 885 598 r.
912 548 1016 599 nrvrr.
1079 566 1082 571 ·

520 689 752 773 ipsumqnidem
763 692 936 753 nominatim
946 689 1069 755 donent
1077 692 1211 765 civitate,
1219 688 1354 775 duosque
1365 688 1476 754 deinde

521 788 600 852 tilios
621 793 689 870 ejus
710 791 826 853 creorit
846 799 997 871 pretores,
1018 810 1086 852 oum
1108 790 1205 851 sdlrnc
1217 790 1280 851 seni
1296 798 1477 851 crearentur.

375 893 484 957 sntap.
524 887 640 948 Utilior
651 889 743 950 etism
754 908 847 969 quom
864 886 1010 949 celebrior
1025 885 1168 949 industrio
1189 887 1312 949 Sertorii
1325 886 1400 949 tuit:
1421 908 1476 947 cn-

358 960 426 1012 ⁰⁹¹¹·
434 962 571 1063 ¹¹·'⁷·jus
582 986 702 1064 egregie
713 983 796 1046 fecto
807 993 872 1047 toto
891 1005 928 1046 oo
945 993 1077 1065 tempore
1096 984 1222 1066 primum
1240 984 1411 1063 ignobilitas
1422 984 1477 1045 bo·

523 1080 621 1152 minis,
632 1081 742 1142 deinde
754 1083 930 1163 scriptorum
951 1079 1063 1141 invidie
1079 1082 1260 1143 obscuravit.
1302 1080 1364 1141 Sed
1377 1082 1403 1141 is
1415 1090 1477 1141 tum

372 1174 511 1226 Ptoteut
523 1179 637 1241 Gellirr
651 1179 831 1261 Cispsslsnae
844 1188 970 1261 qnaestor
983 1199 1066 1240 orme
1077 1180 1213 1260 virosque
1231 1200 1338 1257 msgno
1356 1199 1479 1241 numero

360 1248 419 1293 Μ’
524 1284 679 1357 coegerat:
711 1264 749 1337 ne
770 1278 833 1359 ipse
856 1275 976 1358 quidem
997 1298 1052 1337 suo
1074 1279 1189 1358 corpori
1210 1297 1342 1358 perceris.
1386 1276 1478 1337 Unde

524 1374 630 1435 eodem
642 1373 738 1447 bello,
753 1374 826 1435 dur‘u
839 1374 953 1449 nullum
967 1374 1131 1455 periculum
1144 1373 1292 1453 refugiens
1305 1374 1412 1435 aeriter
1424 1394 1480 1455 pro

361 1471 423 1524 5111·
524 1472 630 1552 petrice
647 1471 771 1552 imperio
782 1480 908 1553 pugnet,
921 1470 1026 1531 effooeo
1044 1470 1139 1531 altero
1151 1469 1316 1543 oculorum,
1331 1480 1339 1505 ⁸
1355 1489 1413 1531 non
1425 1470 1478 1529 de·

523 1570 778 1630 honestamentum
790 1568 822 1629 id
833 1569 902 1643 oris,
915 1567 968 1630 sed
980 1576 1183 1629 ornamentum
1196 1567 1327 1639 hebere,'
1340 1566 1421 1627 heud
1433 1570 1480 1629 in-

447 1688 459 1707 ·
518 1666 603 1745 juris
614 1666 760 1746 gloriatus
771 1675 828 1727 est.

401 1752 405 1761 ¹
564 1769 616 1825 28.
638 1761 798 1825 Venerunt
813 1770 846 1822 et
864 1760 904 1823 sb
925 1759 1036 1821 ultimis
1049 1760 1275 1831 terrissuxilio‚
1289 1780 1348 1821 non
1362 1760 1481 1839 regibus

523 1857 614 1921 modo
623 1860 798 1941 magnisque
810 1858 928 1941 populis
938 1867 1051 1939 promte
1060 1857 1320 1929 summittentibus,
1331 1856 1482 1917 sedetiam

524 1956 720 2018 mediocrium
743 1956 900 2017 civitatum
921 1954 1014 2015 elueri
1039 1953 1147 2015 studio.
1190 1954 1274 2015 luter
1296 1975 1371 2035 quos
1390 1962 1422 2015 et
1441 1954 1481 2015 eb

362 2040 514 2161 ἔξω·
526 2052 681 2116 Heracleo
692 2053 826 2115 Pontico
842 2052 917 2113 dues
936 2053 1068 2113 triremes
1088 2062 1184 2113 tectus
1204 2054 1318 2113 venisse
1336 2052 1480 2113 Memnon

524 2152 667 2247 scriptnpr
681 2152 816 2233 reliquit,
829 2154 917 2231 cujus
930 2152 959 2211 in
972 2150 1148 2232 populorum
1168 2150 1352 2229 essignendis
1363 2150 1484 2211 sedibus

454 2265 458 2271 ·
525 2270 607 2320 error
628 2247 779 2320 admonet,
799 2260 835 2311 nt
854 2268 952 2331 operer
977 2250 1105 2330 pretium
1128 2247 1237 2309 tuconi
1259 2248 1423 2321 videamur,
1446 2250 1484 2320 si,

527 2345 627 2427 quelis
639 2346 724 2407 initio
743 2346 816 2407 belli
830 2346 951 2407 socialis
964 2345 1068 2417 Itsliu,
1080 2346 1249 2427 quibusque
1263 2346 1399 2407 bsbitste
1411 2366 1483 2427 gen·

525 2443 606 2504 tibus
628 2443 728 2517 luerit,
753 2443 891 2506 velutin
914 2444 1030 2505 tabells
1055 2443 1249 2526 spectandum
1276 2444 1483 2507 exhibeamus.

529 2539 609 2601 Cum
630 2542 709 2603 enirn
722 2542 779 2614 vir,
800 2550 834 2602 ut
857 2542 1022 2601 existimari
1040 2550 1148 2625 potest,
1170 2550 1271 2603 cetere
1281 2562 1340 2603 non
1353 2543 1483 2624 ineptus,

528 2637 634 2700 ndbrec
650 2639 743 2722 poulo
759 2648 828 2722 poet
844 2640 910 2702 brec
932 2651 1077 2724 temporo,
1098 2638 1220 2701 florente
1232 2649 1314 2702 certe
1329 2639 1484 2702 Romano·

528 2755 594 2797 rum
614 2736 739 2818 imperio
757 2746 857 2810 notus,
876 2736 996 2798 Marsos
1016 2737 1220 2818 Pelignosque
1235 2759 1271 2799 uc
1286 2737 1490 2830 lllorrueinost

530 2833 637 2916 Libye
658 2844 762 2914 gentes
783 2835 924 2896 Gadibus
944 2835 1084 2896 finitimos
1104 2837 1234 2916 potnerit
1254 2835 1394 2905 crederez
1416 2857 1485 2918 pro·

530 2932 610 2994 lecto
622 2934 797 2995 nobisbeud
808 2935 989 2997 translatitio
1004 2935 1163 3014 diligentie
1176 2936 1234 2996 erit
1247 2955 1333 3016 opus,
1343 2956 1381 2995 ne
1394 2937 1424 2997 in
1438 2956 1485 2996 re·

446 3019 450 3024 ’
530 3030 588 3090 bus
598 3038 646 3090 tot
655 3028 833 3091 seculorum
842 3040 990 3092 vetustate
1008 3031 1185 3104 obliteratis,
1198 3041 1245 3092 tot
1257 3033 1374 3092 interim
1388 3041 1486 3094 mute·

529 3125 663 3188 tionibus
674 3125 766 3187 nliem
785 3126 937 3210 nliomqne
950 3127 1075 3190 subinde
1090 3128 1200 3190 sociem
1219 3127 1346 3211 adeptis,
1358 3127 1487 3190 lrelluci·

531 3243 645 3285 nemur.

290 3356 294 3362 ·
366 3331 434 3384 Ptin.
443 3349 486 3382 ιιι.
493 3337 519 3384 e.
573 3326 625 3382 29.
648 3319 746 3399 Igitur
762 3323 858 3385 omnis
871 3321 965 3382 Itolie
981 3321 1081 3384 decies
1092 3331 1218 3386 centeno
1229 3332 1261 3384 et
1272 3323 1379 3403 viginti
1392 3323 1489 3384 millis

531 3427 689 3498 persuum·
701 3421 733 3480 in
751 3418 966 3499 longitudinem
980 3417 1177 3501 protenditur,
1197 3421 1236 3480 nb
1247 3420 1388 3500 Auguste
1399 3419 1489 3481 Pren-

531 3515 610 3575 torie
622 3537 676 3598 per
688 3519 792 3579 urbem
802 3517 1000 3599 Cspunmque
1013 3516 1052 3576 ed
1063 3515 1198 3578 Siculum
1210 3516 1329 3590 fretum,
1340 3518 1390 3578 ubi
1402 3517 1489 3579 Rbe-

387 3631 524 3685 cluulut.
533 3611 614 3690 ginm
634 3613 779 3694 oppidum
799 3621 855 3686 est,
875 3614 1073 3694 pergentibus.
1115 3612 1258 3694 Augusto
1270 3633 1376 3676 nomen
1389 3614 1489 3676 ndbuc

369 3702 469 3812 {35¹3
480 3766 512 3814 w
532 3709 622 3770 bodie
633 3713 750 3783 retinet,
759 3713 853 3791 juxte
862 3712 994 3790 gemines
1006 3709 1135 3791 Alpium
1146 3710 1260 3784 sennes,
1275 3711 1386 3774 Greins
1398 3721 1490 3793 etque

369 3793 700 3880 Ptu211i.n:Poessi¹¹⁸⁸,‘
715 3809 783 3870 site.
826 3807 969 3868 Letitndo
982 3808 1103 3870 minime
1116 3809 1276 3892 respondet
1297 3809 1490 3890 longitudini,

532 3906 598 3988 ipsu
610 3926 729 3987 quoque
746 3906 841 3977 veno,
856 3906 989 3966 monimo
1004 3906 1137 3987 proxime
1158 3905 1257 3988 Alpes
1277 3908 1353 3968 inter
1373 3907 1490 3969 Verum

532 4013 565 4066 et
573 4003 696 4065 Arsiam
709 4001 826 4074 burim,
841 4003 880 4064 ed
893 4001 1110 4085 quadringente
1118 4001 1224 4065 decem
1236 4003 1351 4067 millin¹
1364 4015 1489 4088 petens:

567 4185 993 4250 ‘Deriermtmetet'gistirsil-
1061 4196 1075 4234 t
1092 4189 1276 4250 Quadringenta
1300 4190 1379 4239 decess
1402 4187 1493 4252 stillio]

534 4253 570 4304 lis
590 4252 715 4317 mu]
739 4253 840 4303 lenm
862 4262 993 4303 nostrates
1030 4253 1127 4306 tenco
1161 4257 1217 4305 ltr-
1269 4256 1371 4304 Certen
1405 4255 1493 4306 sdltin.

534 4321 593 4369 rto.
610 4319 681 4368 Cren-
1029 4319 1181 4370 uticense.
1198 4319 1282 4370 Mittin
1289 4321 1492 4383 penurigis·

569 4381 709 4433 ‘Palm
741 4381 803 4433 Hire
822 4382 908 4446 potlus
926 4381 992 4432 Pet-
1026 4385 1057 4436 ti.
1092 4385 1192 4436 benere
1206 4385 1261 4436 tere
1273 4389 1297 4436 7.
1318 4385 1391 4436 Creo.

534 4447 612 4500 nisu
628 4447 690 4498 viel.
723 4447 967 4500 ‘exitionem
