3300 5225
302 530 303 533 ¹
392 566 496 615 arnor
520 564 661 617 xovrrr.
683 562 1010 615 surranunuruu.
1166 543 1256 613 4858

136 668 456 790 urbiunregnumque
473 709 608 771 Persidis
626 709 744 793 inclytis
760 708 876 771 divitiis
893 716 950 778 est,
965 706 1039 788 quid
1052 708 1093 768 ab

135 810 208 882 illis,
227 809 282 868 nisi
300 806 402 867 dolum
422 807 451 866 in
464 826 602 887 praesens,
625 818 657 868 et
677 816 780 889 postea
791 804 916 877 bellum,
928 806 1093 885 expectasi

135 906 272 966 Romani
286 904 315 963 iu
328 922 430 963 ornnes
447 920 529 962 arms
549 904 681 965 habent:
703 905 848 965 acerrima
865 904 896 962 in
908 922 970 973 eos,
983 902 1092 982 quibos

134 1004 226 1063 victis
236 1000 334 1082 spolie
345 1001 480 1061 maxime
492 1008 570 1061 sunt.

130 1124 135 1129 ·
177 1108 229 1161 60.
251 1108 260 1137 ⁴
273 1098 439 1170 Audendo,
457 1108 489 1159 et
505 1098 650 1171 fallendo,
669 1108 700 1159 et
719 1099 802 1160 belis
813 1118 853 1159 ex
864 1097 956 1159 bellis
967 1097 1094 1159 serendo

134 1198 237 1276 magni
262 1195 348 1267 iacti,
375 1215 427 1277 per
453 1196 533 1256 bunc
560 1214 671 1256 morem
699 1196 874 1275 extinguent
903 1194 1014 1266 omnia,
1040 1203 1094 1255 cut

131 1292 284 1354 occident.
325 1292 419 1359 Quod
435 1290 556 1353 difficile
569 1310 627 1353 uon
639 1301 695 1365 est,
708 1293 777 1353 situ
792 1291 1022 1373 Mesopotamia,
1038 1312 1093 1351 nos

134 1390 283 1451 Armenia
302 1388 562 1469 circumgredimur
587 1390 752 1450 exercitum
772 1389 836 1448 sine
856 1388 1016 1461 frumento,
1028 1389 1093 1449 sine

132 1486 270 1557 auxiliis,
301 1486 430 1559 fortune,
453 1495 506 1547 aut
532 1486 638 1547 nostris
667 1486 749 1547 vitiis
775 1484 874 1547 adbuc
903 1484 1091 1545 incolumem.

139 1583 247 1671 Teque
257 1583 312 1644 illa
324 1582 406 1644 inme
417 1593 566 1663 sequetur,
580 1582 695 1645 auxilio
710 1582 875 1665 proiectum
887 1584 1004 1662 maguis
1014 1583 1091 1662 regi-

133 1681 193 1740 bns
206 1680 335 1741 lenones
347 1682 478 1759 gentium
487 1681 673 1761 oppressisse.
716 1680 809 1748 Quod
821 1681 867 1741 nti
877 1678 973 1741 iacias
983 1698 1092 1740 moneo
1152 1673 1155 1685 '

133 1779 306 1857 hortorque,
320 1798 379 1837 neu
391 1778 480 1838 malis
491 1779 622 1859 pernicie
635 1786 735 1839 nostre
747 1796 839 1839 unum
850 1777 1007 1860 imperium
1019 1796 1089 1858 pro·

134 1874 241 1947 latare,
254 1894 345 1956 qnam
354 1875 497 1935 societate
510 1876 608 1936 victor
619 1873 704 1935 fieri?
1211 1926 1217 1936 .

177 1979 229 2033 61.
250 1972 373 2044 Romae,
385 1972 433 2032 his
441 1973 529 2033 rebus
541 1972 663 2043 suditis,
673 1971 907 2053 haudquaquam
919 1992 973 2052 pro
985 1972 1090 2031 merito
1101 1985 1161 2037 Dio.

129 2066 255 2129 ‘Luculli
268 2070 364 2148 gratia
374 2068 439 2131 init.
482 2070 567 2137 Quin
575 2067 709 2150 elapsum
721 2068 881 2148 Tigranem
890 2069 1089 2149 imputabant,

133 2174 167 2225 et
183 2166 299 2248 imperii
315 2176 395 2228 certe
416 2166 574 2227 dulcedine
595 2167 653 2229 boo
676 2167 736 2246 egi,
754 2174 789 2227 ut
805 2175 950 2247 perpetue
967 2166 1091 2227 iisloois

132 2262 218 2324 bella
229 2274 336 2325 essent.
379 2263 477 2344 Igitur
488 2273 551 2325 tum
564 2260 685 2345 quidem
698 2272 859 2345 ‘praetores
869 2263 985 2324 snrb'ri’
992 2266 1090 2344 jusse-

125 2370 205 2421 'runt
224 2362 352 2422 ‘Asiam
362 2362 393 2431 3'
412 2361 520 2422 deinde
544 2362 748 2434 decreverunt,
769 2370 828 2423 ‘nt
846 2360 923 2421 ulter
940 2360 1092 2442 sequentis

132 2458 206 2517 anni
226 2458 380 2519 consulum
402 2458 614 2520 succederetz'
633 2478 804 2539 quanquam
825 2456 970 2519 sineulla
995 2458 1091 2518 cerarii

133 2555 283 2628 molestie,
306 2556 388 2618 bello
410 2566 503 2618 semet
520 2556 632 2629 alente,
653 2564 701 2618 tot
723 2556 911 2638 amplissimae
930 2555 1089 2637 provincia
1100 2569 1168 2623 Ptnt
1180 2569 1242 2624 inc.

132 2653 246 2734 populo
259 2653 402 2714 Romano
416 2656 635 2734 querebantur.
667 2653 729 2715 Sed
741 2653 868 2725 invidia,
879 2673 949 2734 qum
960 2651 1090 2734 plerum·

133 2769 195 2829 que
221 2750 333 2810 bonum
351 2751 504 2833 publicum
520 2751 624 2823 vincit,
642 2759 707 2811 tum
721 2749 844 2832 quidem
861 2751 960 2832 potior
976 2749 1016 2810 sd
1032 2751 1090 2811 mi·

126 2844 282 2907 nuendem
295 2849 402 2908 summi
420 2849 606 2930 imperatoris
623 2847 811 2928 dignitatem,
823 2867 915 2930 quam
926 2847 968 2908 ad
979 2865 1089 2926 engen·

131 2942 206 3003 dem
218 2945 312 3004 virtus
323 2943 391 3005 init.

174 3045 227 3100 Οἳ.
248 3040 369 3102 Alienis
384 3061 502 3123 quoqne
520 3043 600 3104 vitiis
619 3041 819 3112 miscebatur3
842 3041 1014 3102 ‘Ponticos
1032 3040 1088 3100 im·

132 3144 286 3216 peretores
298 3139 357 3198 sibi
370 3139 536 3220 prospicere
548 3159 646 3220 posse,
664 3139 879 3220 rempublicam
892 3145 959 3220 post
969 3137 1088 3218 privata

132 3233 293 3296 commode
318 3233 449 3306 ducere,'
467 3235 667 3296 clamantibus
687 3235 807 3305 multis:
835 3234 916 3315 quod
938 3234 986 3295 Μ.
996 3233 1089 3294 cotta
1100 3251 1227 3305 Memnon.

134 3349 230 3412 nuper
242 3346 310 3392 cnm
323 3333 476 3394 invidiosis
485 3333 592 3416 opibus
604 3333 742 3394 redieret.
784 3333 828 3394 Et
841 3351 1013 3413 quenquam
1032 3332 1088 3392 mi·

132 3427 247 3488 nuendi
267 3429 391 3508 rumoris
404 3449 506 3502 censa,
524 3449 663 3510 magnam
682 3431 838 3511 pecuniam
851 3429 882 3488 in
893 3429 1030 3488 nmmum
1043 3428 1089 3488 in·

132 3523 257 3596 tulerat,
270 3527 410 3587 manebat
422 3526 535 3606 opinio,
548 3525 587 3586 de
600 3525 700 3588 multis
712 3545 778 3586 curn
790 3545 889 3608 psucn
900 3523 1012 3607 populo
1024 3522 1090 3584 Ro·

131 3639 225 3681 mano
233 3620 359 3683 dedisse.
401 3620 514 3702 Neque
527 3621 617 3683 aliam
630 3623 771 3684 veriorem
792 3641 913 3684 cnumm
931 3620 1023 3682 fuisse
1035 3641 1087 3681 ro-

132 3716 250 3789 lebaut,
270 3739 324 3778 our
336 3726 512 3799 quaestorem
529 3739 592 3780 aas
605 3720 647 3781 P.
670 3719 803 3801 Oppium
822 3719 989 3780 dimirimet.
1030 3716 1089 3778 At·
1118 3715 1178 3775 Dio,

132 3815 188 3894 qui
202 3813 321 3896 Oppius
332 3835 401 3876 oum
413 3817 453 3876 ob
466 3816 606 3898 pecunias
618 3814 696 3876 male
710 3825 826 3897 captes,
839 3825 871 3877 et
881 3815 996 3876 cibaria
1007 3813 1087 3876 mili·
1101 3797 1199 3835 Μ’·

131 3921 198 3972 turn
218 3912 401 3985 froudstn,s
418 3913 591 3996 proconsule
604 3913 803 3992 ablegaretur,
824 3915 916 3974 etiem
933 3911 1089 3973 insidiatus

133 4008 181 4070 illi
202 4009 310 4081 iuerat,
330 4009 596 4091 deprehensusque,
612 4009 682 4070 dum
699 4019 811 4071 tectum
828 4019 911 4071 veste
931 4010 1088 4091 pugionem

132 4115 260 4168 conatur
272 4107 424 4188 expedire.
467 4107 528 4168 Sed
548 4107 628 4189 apud
645 4109 736 4170 iratos
751 4110 841 4169 etiarn
853 4127 920 4188 qum
933 4106 1088 4168 sublevare

134 4205 286 4265 homiuem
299 4201 473 4278 debuerant,
488 4203 565 4266 ultro
578 4206 608 4266 in
621 4205 730 4267 crimen
742 4205 937 4276 vocabantur.

177 4307 230 4362 63.
251 4301 371 4364 Idcirco
383 4312 503 4384 propter
513 4302 593 4364 illins
605 4303 746 4364 offensem
766 4301 960 4364 Heracleotis
975 4299 1086 4380 aequio-

136 4417 194 4470 res,
215 4397 325 4459 dimitti
346 4400 483 4482 captivos
501 4399 630 4473 illorum,
653 4399 841 4481 libertatique
858 4399 972 4459 restitui
988 4397 1085 4478 jusse-
1099 4413 1224 4464 Memnon.
