3300 5225
390 619 495 669 nranr
522 618 647 669 uxxv.
669 588 995 671 suerununururr.
1161 602 1246 669 4501

129 762 260 825 enituit:
279 762 378 825 sedet
394 762 550 825 Romanos
560 764 680 838 milites,
692 785 762 827 cum
774 765 932 826 multorum
945 764 1084 846 opinione

130 863 250 924 facinus
264 861 444 945 inexpiabile
461 862 609 935 fecissent,
627 883 681 944 pro
697 882 817 945 summa,
828 872 880 923 tua
899 862 1093 923 humanitate.

129 971 163 1022 et
188 960 346 1043 prudenb'a
371 960 415 1020 ita
437 964 628 1033 conservasti,
650 968 686 1021 ut
703 961 760 1020 tibi
783 980 861 1021 nunc
884 962 993 1040 gratias
1013 962 1084 1039 agat

130 1059 312 1141 respublica,
324 1078 415 1139 aeque
432 1058 537 1119 melius
551 1059 681 1119 bostium
697 1058 849 1137 sanguine,
867 1078 957 1139 quam
970 1058 1082 1139 suppli·

128 1156 189 1217 cie
204 1158 317 1218 civium
334 1156 518 1217 vindicatam
535 1176 597 1217 esse
616 1156 753 1216 lateatrrr.
911 1198 915 1205 .

169 1258 224 1313 29.
245 1252 384 1320 ‘Quidni
400 1250 439 1313 ad
459 1261 589 1313 nostram
610 1272 729 1335 quoqne
748 1271 832 1333 spem
851 1250 1001 1312 trahemus
1020 1258 1083 1311 tem

130 1348 233 1409 nobile
251 1350 443 1431 exemplum?
482 1348 595 1431 Neque
616 1350 686 1433 plus
706 1369 797 1431 quam
813 1348 857 1409 illi
878 1350 1084 1429 peccavimus3

128 1465 228 1526 neque
241 1447 338 1507 minor
349 1454 464 1527 postea,
477 1444 517 1506 ad
529 1467 567 1506 ea
579 1466 647 1528 qum
662 1444 801 1518 volueris,
819 1446 911 1507 nostri
929 1466 999 1507 usus
1018 1448 1084 1507 erit.

130 1540 187 1601 Illi
200 1544 352 1604 nominare
364 1544 511 1604 neminem
527 1551 662 1625 possunt,
674 1544 705 1603 iu
721 1563 811 1624 quern
823 1544 940 1603 initium
952 1551 1004 1603 aut
1016 1564 1083 1625 par-

128 1647 193 1699 tem
213 1638 313 1720 culpae
333 1638 529 1700 trunsmraut:
549 1648 654 1722 sponte
672 1648 852 1701 exarserunt.
892 1638 964 1701 Nos
980 1650 1085 1702 contra

128 1739 310 1798 sententiam
322 1738 480 1810 seniorum,
492 1758 651 1798 consensu
663 1746 709 1799 tot
722 1738 865 1816 gentium,
877 1746 909 1797 et
920 1740 1085 1819 potentiora

129 1836 239 1895 nostris
250 1822 413 1896 vicinorum
427 1854 520 1908 arma,
530 1844 562 1895 et
568 1835 737 1915 juventutis
746 1843 836 1915 atque
847 1834 928 1914 vulgi
941 1856 1084 1916 nusquam

129 1932 203 1992 sat'm
219 1933 351 1995 coercita
371 1934 533 2005 temeritas,
554 1931 636 1994 bello
655 1931 795 1994 Romano
815 1932 971 2015 implicuit.
1013 1931 1084 1994 Nec

129 2038 232 2089 manen
245 2029 313 2089 baec
324 2028 393 2089 ideo
402 2028 541 2101 dicimus,
555 2031 641 2111 quasi
653 2048 773 2091 causam
786 2038 915 2090 noemam
927 2028 1084 2090 defendere

128 2144 325 2186 conaremur:
345 2125 431 2202 (sads
448 2125 680 2204 indignationem
699 2134 827 2187 vestram
841 2125 966 2207 Hirpini
978 2127 1084 2187 merui·

128 2242 196 2282 mus
207 2226 232 2302 t)
253 2220 308 2281 sed
327 2229 362 2282 ut
380 2231 537 2303 appareret
553 2223 640 2296 ratio,
657 2224 759 2283 curin
777 2223 888 2283 minore
901 2222 1012 2283 delicto
1025 2242 1083 2283 non

129 2318 320 2400 impudenter
340 2337 360 2378 a
377 2317 604 2380 clementissimo
621 2320 795 2401 imperatore
816 2339 917 2401 parem
937 2338 1085 2399 speremus

128 2418 264 2488 veniam,
281 2436 372 2495 quarn
390 2416 420 2476 in
440 2417 574 2496 graviore
590 2436 758 2478 concemam
778 2416 845 2477 aliis
862 2416 998 2477 vidimus.

168 2518 224 2573 80.
245 2522 255 2549 ‘
271 2512 334 2575 Sed
347 2523 466 2574 seuama
482 2515 646 2596 populique
661 2513 794 2575 Romani
806 2534 865 2574 non
880 2514 1083 2574 abhorrentem

129 2619 216 2671 etna
227 2608 352 2674 lenitate
363 2612 538 2673 sententiam
550 2633 643 2696 nuper
654 2613 867 2694 perspeximus,
879 2631 946 2673 cum
955 2609 1084 2690 ,nonnulf

129 2706 167 2768 lis
178 2710 235 2789 qni
251 2729 335 2770 arma
346 2718 450 2772 contra
460 2709 603 2782 tulerant,
616 2731 674 2770 non
686 2707 802 2770 reniam
815 2709 917 2782 modo,
928 2709 981 2770 sed
994 2709 1083 2770 etiarn

128 2807 285 2867 civitatem
297 2805 389 2868 dedit
432 2805 537 2888 Atque
549 2808 607 2868 boc
621 2809 689 2887 jam
706 2807 868 2887 antiquitus
880 2806 1005 2867 alterum
1018 2815 1085 2886 post

42 2924 46 2934 ·
130 2902 271 2964 victricia
291 2923 375 2963 arma
401 2900 618 2964 firmamentum
637 2904 720 2964 urbis
744 2903 892 2965 Romane
914 2902 983 2975 fuit,
1004 2900 1084 2984 quod

130 2996 231 3059 Italas
243 3008 346 3078 gentes
357 3000 491 3060 maxima
502 3019 616 3082 semper
628 3009 659 3061 et
670 3000 760 3061 obvia
772 3021 829 3060 non
842 2999 940 3061 dicem
953 3019 1084 3060 mansue·

130 3096 246 3169 tudine,
268 3097 323 3157 sed
344 3117 462 3178 prorsus
486 3098 598 3178 pietate
618 3097 749 3179 excepit,
770 3099 934 3158 communis
952 3097 1082 3158 omnium

130 3213 248 3273 parens.
290 3191 344 3254 Ne
363 3193 404 3254 ad
422 3194 524 3254 aliena
539 3180 679 3277 exempla
692 3195 844 3266 abeamus,
857 3193 1024 3255 domesticis
1035 3193 1081 3252 in·

129 3292 247 3363 rauce,
258 3293 385 3370 majores
396 3293 488 3352 nostri
499 3311 559 3352 non
571 3293 667 3352 minua
677 3292 877 3366 clementiam,
887 3311 976 3373 quam
989 3291 1081 3353 virtu·

129 3397 192 3448 tem
205 3387 377 3449 Romanam
401 3389 516 3471 experti
536 3397 621 3449 sunt:
642 3389 735 3449 semel
753 3409 820 3448 cum
841 3389 918 3450 inter
935 3387 1083 3450 Samnites

129 3485 232 3547 adbuc
250 3502 445 3556 censeremur,
463 3505 525 3566 quo
546 3494 677 3566 tempore
700 3486 742 3546 P.
760 3485 918 3546 cornelius
939 3483 1081 3558 Rufinus,
1094 3493 1246 3561 Separat.

129 3581 179 3640 ari
202 3579 250 3639 tui
268 3601 405 3660 proavus,
428 3581 581 3663 pristinum
603 3582 664 3642 illis
686 3580 781 3643 loedus
802 3581 949 3652 reddidit3
976 3583 1081 3642 iterum

130 3675 254 3739 Punico
268 3677 349 3738 bello
361 3677 502 3749 secundo,
515 3679 634 3759 quando
646 3673 816 3742 societatem
830 3677 1016 3758 Hannibalis
1036 3699 1081 3739 se·
1110 3690 1164 3740 ιιι.

128 3783 214 3834 eutos
228 3773 273 3840 Q.
284 3773 408 3835 Fulvius
419 3774 520 3836 consul
533 3777 656 3857 recepit,
666 3775 768 3836 -verbis
777 3774 980 3836 tantummodo
993 3777 1081 3848 casti·
1094 3771 1184 3808 ’Μ’
1196 3760 1237 3809 ¹⁵·

129 3889 214 3949 gans,
225 3889 397 3952 quanquam
409 3872 482 3931 satia
490 3869 542 3930 diu
555 3881 586 3932 et
597 3859 751 3954 praefracte
760 3871 883 3932 fuissent
892 3871 922 3932 in
936 3873 1081 3953 partibus,

128 3986 196 4039 nec,
215 3966 273 4026 nisi
290 3966 330 4026 ad
348 3967 483 4028 Bruttios
495 3976 526 4027 et
537 3976 702 4028 extremum
718 3968 818 4029 Itelioe
836 3967 977 4048 angulum
991 3966 1081 4029 Han·

130 4063 230 4123 nabale
247 4063 412 4144 compulso,
429 4064 632 4145 penitentiam
648 4065 870 4146 approbament.
1000 4109 1003 4116 .
1091 4105 1094 4114 ·

170 4165 222 4221 31.
245 4160 396 4221 ‘Placuit
417 4161 486 4222 Diis
504 4160 561 4220 ista
582 4160 701 4234 lenitas,
725 4161 928 4241 dederuntque
948 4168 983 4221 ut
1000 4179 1080 4220 corn-

129 4255 232 4336 plures
248 4257 300 4317 alii
320 4257 424 4339 populi
452 4257 493 4318 ad
519 4257 691 4318 societatem
710 4258 812 4339 populi
830 4257 961 4319 Romani
984 4277 1080 4318 rever-

130 4362 271 4426 terentur,
290 4374 343 4434 per
365 4354 455 4434 longa
471 4352 612 4436 deinceps
630 4374 772 4417 annorum
791 4355 890 4438 spatia
906 4353 1082 4417 durantibus
