3300 5225
413 556 520 609 nrnns
546 557 637 607 xov.
660 556 987 609 snrrnnunuruns.
1168 542 1257 609 4796

183 706 234 763 ³2.
256 700 365 785 ‘Ipsos
377 700 448 764 milri
460 701 543 765 Deos
557 702 728 767 ndrersstos
742 722 805 764 esse
817 702 910 775 scitis.
923 722 992 764 eum
1005 698 1092 763 Itho-
1121 712 1198 779 snpra

139 799 208 860 dios
221 799 291 873 Isis,
305 800 475 882 Cyzicenos
486 800 670 882 Proserpina
684 787 895 871 defenderentss
918 819 986 861 euru
1005 797 1094 882 Nep·
1106 793 1259 893 ζξζζῗζη
1290 806 1294 812 ’

139 905 232 959 ornus
256 898 367 959 classes
389 917 471 959 mens
501 899 725 979 tempestatibus
749 906 981 979 persequeretur.
1032 895 1095 957 Sed
1108 912 1149 958 1⁴.

140 998 202 1057 erit
213 995 321 1077 uliquis
333 996 444 1056 irnrunr
463 995 581 1068 modus,
600 1004 641 1066 et,
660 995 741 1075 quod
756 1014 776 1056 o
791 995 920 1076 pueritie
930 1014 1009 1077 snrpe
1021 994 1095 1055 milri

139 1094 279 1173 eontigo't,
292 1112 421 1175 presens
433 1094 554 1155 vexatio
570 1094 683 1173 majore
703 1091 805 1171 nliqno
822 1091 1094 1173 premiopensnbi-

139 1199 203 1253 tur.
245 1190 315 1252 Nee
328 1191 409 1252 eninr
424 1188 588 1251 lrustrnnes
602 1210 716 1271 semper
727 1191 785 1251 erit
800 1189 866 1251 hine
877 1188 1033 1268 diligentie
1043 1209 1095 1252 eo-

141 1290 225 1351 lendi
240 1288 332 1361 Deos,
346 1308 406 1367 qun
418 1288 527 1349 nemini
539 1286 701 1349 eonondere
713 1287 808 1358 soleo,
826 1296 969 1369 perpetuo
980 1307 1096 1349 meeum
1108 1304 1181 1355 oro..
1191 1313 1260 1359 vus.

140 1386 257 1447 habens
267 1384 421 1466 sapientise
433 1404 642 1467 sneromrnque
654 1384 818 1464 megistros.
853 1383 947 1452 Quod
958 1386 984 1445 si
994 1384 1096 1445 deere-

141 1492 208 1543 tnm
220 1481 259 1543 de
274 1502 321 1543 nne
334 1490 390 1555 est,
403 1481 525 1561 linoque
539 1480 661 1565 Superis
673 1480 818 1541 sententie
830 1479 919 1552 sedit,
932 1490 966 1541 nt
976 1500 1097 1562 oppres-

140 1600 209 1641 sum
223 1578 413 1660 deletumque
431 1578 538 1651 velint,
558 1587 591 1641 nt
607 1578 714 1641 snltem
729 1576 852 1639 dnbitur
865 1587 898 1639 ut
916 1578 1097 1660 impssidunn

140 1676 281 1739 obruent.

186 1780 237 1835 33.
258 1772 340 1835 ‘Sed
358 1774 438 1835 obsit
451 1774 556 1836 omen!
578 1783 610 1836 et
625 1774 705 1835 Βοιιι
722 1774 821 1855 potius
838 1794 891 1857 spe
902 1776 1039 1855 votisque
1050 1794 1098 1837 ms

142 1871 374 1954 prosequemini.
417 1869 502 1932 Nem
514 1872 630 1933 etmihi
648 1872 787 1953 praesngit
803 1872 930 1945 enimus,
948 1872 1006 1934 hoc
1026 1874 1099 1933 milri

143 1990 205 2030 ιιοιι
214 1969 254 2030 nd
266 1969 453 2031 securitatem
465 1969 554 2031 modo
567 1970 636 2042 iter,
649 1968 701 2029 sed
713 1969 802 2031 etiem
813 1968 852 2030 sd
865 1969 1017 2049 ongendus
1027 1990 1099 2052 opes

144 2064 260 2126 nditrrm
278 2065 351 2127 iore.
395 2063 521 2127 Seleuco
541 2066 613 2129 setis
630 2064 766 2135 confido;
788 2066 856 2148 plns
876 2068 968 2127 etism
990 2065 1098 2128 Lemn-

143 2154 233 2223 clroz'
243 2183 339 2243 neque
351 2162 487 2245 dispicio,
501 2162 650 2245 quomodo
662 2182 779 2245 sperone
794 2166 909 2245 mojorn
927 2165 968 2224 nb
981 2161 1099 2226 Romn-

145 2263 193 2323 nis
205 2260 315 2344 proditi
326 2263 397 2335 mei,
411 2282 503 2344 quesn
522 2282 542 2323 n
553 2263 722 2329 meservnti
735 2262 857 2343 prsemie
874 2263 996 2343 possint.
1038 2264 1099 2324 Sed

143 2368 178 2422 et
191 2360 320 2442 popnltu
333 2358 539 2421 Heracliensis
551 2360 594 2421 its
606 2370 653 2421 est
669 2359 829 2431 silemus,
840 2368 874 2420 nt
884 2358 1034 2440 quidlibet
1044 2380 1099 2442 po-

145 2459 219 2531 tins,
232 2442 323 2537 quens
334 2455 507 2518 Romanum
519 2456 686 2540 imperium,
699 2456 813 2517 lstrsrus
822 2454 978 2517 videaur?

187 2560 239 2616 ³4.
281 2552 333 2616 Its
351 2562 432 2616 metu
451 2572 568 2616 suorum
587 2554 743 2635 outigoto,
758 2552 942 2616 confidenter
954 2555 1100 2634 rogim

144 2651 302 2733 puntiesns
315 2671 434 2724 novem,
452 2651 535 2733 prius
547 2650 731 2713 Heracleum
744 2651 886 2724 introivit,
900 2671 990 2732 qunrn
1001 2653 1100 2713 obniti
1110 2673 1238 2726 nem,

147 2747 219 2810 vino
230 2747 365 2808 homines
374 2747 533 2809 sdventnm
543 2751 609 2830 ejus
620 2748 874 2830 persentisoerent.
908 2747 1037 2811 Postero
1045 2748 1099 2811 de⁶

147 2863 230 2906 nrum
248 2843 310 2917 die,
329 2863 397 2906 eum
411 2855 510 2906 essent
525 2845 565 2906 ed
581 2845 755 2906 ooueionenr
766 2844 878 2916 vuenti,
888 2864 987 2926 regern
1000 2867 1032 2907 se
1044 2847 1099 2908 lis-

145 2942 220 3002 bere
232 2939 410 3002 didicerunt.
452 2941 516 3008 Qui
529 2941 694 3002 humaniter
705 2961 758 3002 eos
769 2940 929 3015 nllooutus,
941 2951 973 3003 et
985 2943 1025 3005 nd
1037 2964 1098 3004 ser·

145 3037 279 3100 mudum
291 3035 349 3099 sibi
361 3038 599 3101 benevolentium
611 3039 757 3110 lrortstirs,
773 3048 901 3120 quotuor
911 3039 1007 3102 millis
1018 3040 1100 3102 mili·
1162 3116 1170 3130 ο

147 3145 212 3198 trun
225 3134 362 3217 prasidio
373 3155 442 3198 eun
455 3134 598 3217 proefeeto
608 3135 813 3215 Connoeorige
823 3137 974 3218 imposuit,
987 3158 1047 3218 quo
1059 3139 1100 3200 sb

147 3231 309 3304 Romanis,
319 3234 345 3292 si
358 3232 434 3294 sorte
447 3234 534 3312 signo
545 3253 582 3294 eo
593 3233 758 3304 vertissent,
767 3232 1007 3296 defenderentur.
1042 3234 1099 3296 Di·

147 3330 215 3390 visn
231 3327 340 3389 deinde
358 3328 480 3410 populo,
499 3329 552 3390 sed
571 3329 719 3411 pronoipue
731 3329 953 3410 mugistrstibus
962 3332 1099 3413 poemia,

148 3423 408 3506 Sinopenetinde
423 3425 562 3486 Arnisurn
575 3426 738 3506 navigavit
1112 3436 1221 3502 Appias.
