3300 5225
382 551 488 600 nrnnr
513 551 622 600 xorv.
644 549 970 600 eurruuneururr.
1139 532 1228 600 477⁶

118 702 210 757 eutem
221 695 358 756 omnibus
368 694 474 756 lubens
487 693 635 777 lutusque
643 695 757 768 nuntio,
772 715 851 756 nunc
861 695 978 756 venius
987 691 1065 753 tern'·

118 789 372 872 pusintelligeudi,
392 812 452 872 quo
471 791 596 854 consilio
608 812 737 874 pugnare
750 791 913 853 volentium
931 791 972 852 sit
985 811 1005 851 a
1016 809 1065 850 me

117 888 258 950 cohibitus
270 888 406 972 impetus.
448 887 530 950 Meis
541 889 620 949 enim
637 887 769 950 consiliis
785 909 823 950 eo
836 887 962 950 edsctrrs
973 888 1066 948 hostis

117 994 168 1058 eet,
185 994 218 1046 ut
233 987 312 1048 bunc
330 987 360 1047 iu
382 987 481 1048 locum
493 1007 526 1048 se
542 985 697 1058 dimiserit,
715 988 767 1048 ubi
780 1002 932 1048 necessum
944 987 984 1048 sit
995 1005 1066 1047 eum

117 1083 202 1166 poulo
226 1093 295 1165 post
327 1105 425 1147 rerum
445 1086 675 1147 mammarum
696 1085 819 1192 penuria
839 1085 942 1168 copias
961 1103 1066 1148 omues

118 1182 257 1242 amittere.

153 1261 183 1339 6:
203 1287 211 1315 ⁶
225 1277 374 1360 Dispicite
387 1277 487 1358 igitur,
500 1277 691 1360 quantoplus
703 1299 770 1359 ego,
783 1298 875 1360 quem
886 1299 941 1340 vos
952 1298 1067 1350 omues,

117 1373 307 1456 providerim:
329 1383 501 1456 quantoque
519 1375 625 1436 melius
645 1375 844 1438 consuluerim
860 1377 1067 1437 communibus

118 1473 207 1534 robus.
249 1471 348 1533 Vobis
359 1472 499 1553 congredi
518 1493 587 1534 cum
601 1474 684 1537 boste
697 1472 815 1534 collatis
830 1473 922 1553 signis
932 1472 1065 1554 placuit:

117 1569 228 1651 quodsi
240 1569 455 1643 emetlactum,
476 1580 530 1631 aut
552 1569 608 1630 lusi
626 1591 772 1642 ememus:
794 1580 848 1631 aut
869 1589 977 1650 magno
997 1589 1066 1632 cum

116 1667 216 1728 sudore
234 1667 328 1749 mquis
351 1686 562 1750 pugnassemus
586 1669 716 1739 viribus:
738 1677 803 1739 aut,
825 1669 852 1730 si
873 1667 1067 1729 ferventissimi

119 1765 168 1825 Dii
188 1764 324 1837 luissent,
344 1764 440 1826 multo
458 1775 569 1826 emtam
586 1767 728 1846 sauguine
750 1766 977 1826 obtinuimus
1003 1766 1067 1826 vic-

117 1862 229 1922 toriam.
271 1861 319 1922 At
338 1881 418 1924 nuuc
435 1881 551 1943 prorsus
567 1863 749 1923 incruentem
767 1863 1000 1944 reportabimus:
1021 1861 1067 1922 id·
1096 1883 1204 1952 Appiae.

118 1981 172 2042 que
189 1959 250 2022 fide
269 1979 337 2020 mea
355 1959 505 2040 spondeo:
526 1979 581 2021 vos
592 1969 685 2036 estote
699 1961 832 2040 promissi
844 1959 1009 2020 memores?

155 2063 184 2120 ¹l.
206 2056 287 2118 Cum
310 2054 428 2126 deinde,
453 2063 582 2117 montem
602 2075 743 2136 mamm
764 2077 854 2138 supra
874 2056 952 2135 regis
970 2064 1070 2117 casua

118 2161 312 2234 opportunum
332 2151 372 2213 ed
392 2154 492 2214 omnia
515 2153 714 2238 conspicatus,
736 2172 884 2233 occupare
902 2151 1000 2213 locum
1017 2171 1068 2212 co·

118 2258 248 2320 mmtrrr:
274 2268 380 2330 neque,
393 2248 556 2332 repellente
568 2249 717 2329 praesidio,
730 2247 811 2331 quod
821 2249 940 2310 hortatu
951 2247 1071 2309 Taxilis

118 2346 300 2428 odiorumque
314 2347 474 2408 amicorum
490 2345 683 2408 Mithridates
694 2347 887 2428 imposuerat,
899 2346 988 2428 potiri
1000 2365 1069 2428 pos-

118 2450 177 2515 set:
199 2443 355 2526 inopinato
366 2442 494 2505 torturus
506 2463 637 2515 munere,
650 2441 730 2522 quod
744 2443 857 2504 viribus
870 2443 1004 2503 obtinere
1017 2461 1069 2502 ue-

118 2542 263 2620 quirerut,
285 2549 333 2602 est
352 2549 536 2602 consecutus.
578 2540 614 2601 L.
634 2539 766 2621 Magius,
786 2539 964 2602 Sertorianis
983 2541 1070 2601 rebus

118 2636 236 2711 diffisus,
250 2638 383 2700 maxime
405 2637 486 2719 quod
504 2639 634 2700 occisum
647 2640 687 2699 ab
700 2638 803 2699 amicir
820 2637 927 2699 ducem
944 2658 1068 2721 accepe·
1097 2651 1225 2703 sueonie

118 2735 279 2805 rst,⁸clem
300 2735 396 2796 missis
418 2734 458 2796 ad
478 2733 636 2795 Lucullum
657 2735 780 2807 nuntiis,
798 2734 927 2797 reditum
945 2737 1069 2797 orabat:
1083 2718 1235 2850 Xgissou·

119 2838 128 2865 ‘
140 2832 164 2891 si
176 2834 242 2911 ejus
254 2832 298 2893 rei
311 2828 386 2892 fides
397 2830 469 2891 data
481 2840 568 2903 essct,
582 2852 640 2892 non
653 2832 710 2891 sibi
723 2830 824 2892 defore
842 2832 997 2905 rationem,
1010 2854 1073 2913 qua

118 2930 177 3006 regi
189 2926 332 2989 noceret!
372 2927 537 2990 Aunuente
551 2927 689 3000 Lucullo,
702 2928 764 3008 regi
782 2928 953 3010 persuadet,
974 2928 1073 2990 ‘nihil
1112 2948 1116 2959 ’

118 3025 232 3100 referre,
252 3046 314 3107 quo
337 3024 405 3087 loeo
425 3034 523 3087 cestra
542 3026 633 3086 hostis
653 3033 789 3086 metetur.
832 3024 1072 3087 Pimbrieuusle-

118 3124 226 3201 gioues,
237 3142 307 3205 qum
317 3129 415 3183 esseut
426 3122 507 3204 apud
516 3121 686 3193 Lucullum,
698 3120 868 3205 propediem
880 3122 920 3183 ad
931 3144 964 3183 se
977 3133 1072 3184 treus·

118 3218 216 3281 iturus.
260 3218 315 3280 Ita
325 3219 389 3280 sine
401 3218 513 3300 praeliis
525 3226 557 3279 et
569 3218 713 3297 sauguine
734 3219 892 3279 victoriam
915 3240 1006 3302 penes
1024 3241 1071 3281 re·

119 3336 182 3395 gem
199 3316 289 3379 fore?
330 3316 429 3377 (irate
441 3325 525 3377 erent
536 3334 605 3398 quoe
616 3316 802 3389 dicebantur,
816 3336 872 3377 nec
889 3320 953 3378 veri
972 3320 1071 3400 specie

117 3414 278 3475 carebunt:
300 3422 372 3475 nota
395 3413 558 3474 Fimbriani
578 3412 680 3473 militis
699 3410 836 3493 pertidia,
850 3422 882 3474 et
892 3415 1005 3475 crebris
1016 3414 1071 3475 ad·
1098 3432 1235 3485 Plautus.

119 3529 218 3572 versus
229 3511 323 3572 duces
335 3510 539 3572 seditionibus.
581 3508 701 3571 Idcirco
719 3508 886 3590 negligente
905 3511 1072 3573 custodiam
1082 3514 1106 3613 ζ
1118 3503 1158 3577 ¹⁸:

118 3604 251 3669 locorum
275 3607 463 3681 Mithridate,
477 3608 623 3679 Romani,
642 3609 784 3688 augustiis
804 3610 868 3669 sine
886 3608 1073 3672 incommodo
1107 3578 1191 3630 ppm.

119 3708 277 3786 superatis,
290 3715 389 3767 castra
401 3706 431 3765 in
445 3714 544 3767 monte
558 3713 725 3785 punierunt.

157 3810 187 3864 8.
210 3803 329 3883 Magne
347 3823 386 3864 ea
406 3811 437 3863 et
456 3801 615 3883 multiplex
628 3802 744 3863 utilitas
758 3800 886 3864 Lucullo
897 3803 966 3866 luit.
1006 3802 1072 3885 Ipsi

119 3908 301 3961 oommeatus
320 3900 384 3961 siue
403 3906 484 3962 metu
497 3898 753 3971 subvehebantnrr
775 3918 828 3959 rex
842 3909 907 3962 toto
919 3920 1072 3983 propemo÷

149 4117 162 4145 ¹
173 4108 286 4159 Mater
297 4109 358 4171 croc
368 4108 469 4159 ωιίιωι
479 4106 510 4157 ab
519 4106 580 4158 urei·
614 4107 993 4172 Sertoriirnorr,qaml.1orr.
1004 4106 1073 4158 iot'ra

119 4172 390 4238 demanoamus]
400 4174 581 4224 Slcmemoret
614 4172 1074 4233 constituamanterioraretrate·

120 4238 269 4303 Appisuus.
301 4238 355 4291 Qul
375 4238 398 4288 sl
409 4252 460 4288 non
469 4236 581 4303 fallitur,
616 4246 669 4289 tur.
703 4238 815 4289 Detuto
830 4236 880 4288 boc
897 4240 1003 4303 nogotio
1018 4238 1075 4299 vid,

120 4318 229 4355 necesse
240 4312 284 4354 est
293 4302 408 4364 omniuo,
423 4312 453 4355 ut
463 4311 509 4354 eut
524 4305 582 4355 brec
617 4304 706 4368 Sigon.
716 4304 927 4355 Commeatum
940 4306 1030 4355 Festos
1038 4302 1073 4354 ad

121 4370 203 4434 bingii
221 4369 337 4435 proditio
355 4368 509 4433 Lucullique
529 4370 581 4419 vic·
617 4384 712 4421 meum
723 4372 782 4421 68⁰.
800 4370 871 4420 Creo.

122 4434 189 4485 tortu
199 4437 227 4487 tu
240 4434 378 4501 incautis
386 4434 530 4500 rejiciatur,
536 4441 583 4487 eut
