3300 5225
881 586 916 633 'l'-
941 582 1037 632 lerll

606 734 659 789 44.
680 725 763 787 Huc
775 724 829 787 illa
848 722 942 786 ltalia
953 724 1022 796 luit,
1042 723 1088 783 bac
1102 730 1205 801 gentes
1216 739 1254 785 ae
1267 720 1365 789 urbes,
1379 736 1450 799 qum
1461 726 1526 779 turn

567 824 689 907 poribus
702 826 779 885 inter
789 846 822 884 se
836 824 941 885 animis
954 822 1125 900 viribusque
1135 819 1361 880 concurrebant.
1404 815 1440 877 N
1441 818 1526 883 amsi

568 922 694 1004 populos
706 923 759 1003 qui
773 921 948 983 defecerunt
960 940 1028 980 cunr
1045 917 1192 978 Romanis
1204 936 1366 996 eorumque
1385 912 1528 976 lidelibus
1543 978 1559 991 ,

568 1021 655 1081 sociis
662 1040 827 1101 compares,
837 1020 890 1081 rix
902 1018 1042 1099 reperias,
1059 1026 1156 1077 utram
1169 1016 1297 1097 partium
1308 1022 1362 1073 aut
1371 1013 1526 1073 hominurn

569 1139 703 1189 numero,
716 1126 768 1177 aut
780 1116 910 1179 militum
922 1136 1040 1195 genere,
1052 1125 1106 1176 aut
1118 1114 1304 1175 munimentis
1317 1112 1463 1183 locorum,
1474 1131 1528 1171 on-

568 1225 703 1298 teponas.
745 1215 830 1297 Opes
849 1236 980 1295 quoque,
1003 1214 1207 1294 pecuniarum,
1227 1219 1457 1279 commeatuum,
1479 1229 1528 1267 ar-

570 1333 682 1374 morum
693 1315 796 1394 oopios
807 1312 955 1393 equalem
977 1311 1087 1371 ducum
1101 1312 1192 1371 etiarn
1208 1308 1288 1369 band
1302 1310 1430 1389 impares
1441 1306 1531 1387 spiri·

571 1421 619 1472 tus
628 1422 764 1491 artesque
773 1410 987 1492 deprehendes.
1031 1408 1159 1469 Senatus
1172 1406 1252 1467 haud
1266 1406 1356 1465 dubie
1371 1404 1530 1467 Romanus

571 1510 749 1569 auctoritate
761 1528 916 1587 rerumque
930 1528 984 1567 usu
995 1506 1080 1584 longe
1095 1506 1273 1587 prestabat:
1288 1502 1340 1563 sed
1354 1502 1458 1563 borum
1468 1503 1530 1561 rim

572 1614 663 1684 atque
672 1605 756 1665 velut
768 1604 863 1664 aciem
878 1605 1000 1665 interne
1014 1602 1174 1663 seditiones
1186 1610 1216 1661 et
1231 1600 1336 1661 inolita
1350 1600 1425 1660 vitia
1437 1600 1530 1659 bebe-

571 1702 686 1762 tabant.
729 1700 874 1761 Italicum
898 1699 1041 1760 industria
1064 1698 1214 1769 firmabat,
1234 1705 1265 1757 et
1287 1696 1460 1767 concordia,
1483 1695 1529 1756 fa-

572 1818 703 1878 vensque
717 1798 802 1857 noris
812 1798 917 1879 creptis
930 1798 1074 1857 humanus
1084 1795 1209 1865 animus,
1220 1803 1251 1854 et
1263 1794 1365 1855 omnia
1377 1794 1407 1853 in
1420 1792 1531 1874 prinei*

573 1895 632 1977 piis
644 1894 779 1957 meliora.

414 1982 562 2101 ffihffl·
613 1998 665 2055 45.
685 1991 819 2051 Fortuna
839 2011 957 2073 quoque
977 1956 1079 2051 adesse
1101 1990 1236 2071 partibus
1252 1988 1335 2047 msa:
1357 1986 1532 2068 plerumque

573 2089 770 2169 superioribus
782 2090 860 2149 inter
878 2090 962 2149 initia
974 2088 1120 2149 sociorum
1133 2087 1232 2157 rebus,
1244 2086 1316 2145 dum
1330 2086 1361 2145 in
1376 2085 1449 2145 urbe
1463 2083 1532 2144 Ro.

575 2206 666 2247 mana
674 2186 836 2266 quastione
849 2186 1025 2265 majestatis,
1037 2186 1066 2244 in
1077 2185 1181 2244 castris
1191 2183 1407 2263 suspicionibus
1417 2182 1533 2243 infensa

429 2290 484 2341 cic.
493 2290 563 2343 Brut.
574 2282 676 2343 omnia
697 2290 729 2342 et
751 2280 894 2363 impedita
911 2290 989 2343 sunt.
1032 2280 1162 2342 Nullum
1176 2282 1242 2360 jam
1263 2278 1373 2339 Βοωω
1393 2280 1448 2339 nisi
1465 2278 1532 2357 lega

411 2372 434 2405 c.
445 2360 487 2407 89.

430 2421 565 2471 cia'rmc.
576 2378 674 2439 Varia
688 2379 837 2459 judicium
857 2379 1063 2449 exercebatur,
1085 2400 1145 2459 quo
1162 2388 1269 2461 practer
1287 2378 1363 2438 alios
1377 2377 1420 2444 Q.
1435 2377 1531 2437 Pom-

414 2487 507 2545 Quart
516 2502 548 2538 rr.
576 2480 661 2559 peius
674 2476 776 2538 Rulus
788 2486 820 2537 et
834 2477 882 2537 M.
898 2476 1049 2537 Antonius
1061 2485 1159 2538 orator
1172 2496 1293 2537 causam
1306 2474 1457 2535 dixerunt.

414 2555 457 2602 24.

414 2745 501 2796 Voles.

616 2582 668 2636 46.
689 2574 768 2636 Cum
781 2577 854 2637 satis
865 2576 972 2637 irarum
985 2576 1117 2656 cecique
1130 2585 1226 2636 metus
1238 2574 1319 2636 domi
1332 2566 1420 2644 esset,
1434 2574 1534 2635 acrius

429 2681 533 2746 Dioap.
576 2675 762 2735 exulceravit
778 2676 892 2736 animos
912 2675 953 2736 P.
976 2674 1086 2734 Rutilii
1101 2674 1231 2735 consulis
1251 2674 1461 2754 imprudentia,
1480 2673 1533 2753 qui

577 2772 701 2833 consilia
723 2794 777 2832 sua
798 2773 931 2832 hostibus
952 2773 1037 2854 prodi
1059 2771 1172 2842 videns,
1196 2793 1263 2833 cum
1281 2774 1359 2833 viros
1372 2772 1535 2852 patriciosl

578 2890 653 2949 quos
674 2891 774 2930 secum
795 2871 926 2931 babebat
943 2871 1074 2931 oriminis
1092 2875 1158 2951 ejus
1177 2891 1242 2930 reos
1259 2869 1451 2949 designasoet,
1471 2891 1534 2931 rem

579 2987 639 3026 non
652 2969 841 3048 perquisitam
854 2970 969 3028 senatui
985 2970 1163 3050 perscripsit.
1215 2968 1326 3048 Neque
1339 2968 1465 3028 dubium
1478 2979 1534 3040 est,

578 3064 651 3144 quin
664 3084 788 3144 magnus
800 3067 869 3126 inde
889 3076 984 3126 motus
998 3067 1125 3126 oriturus
1143 3065 1248 3136 suerit3
1269 3067 1298 3125 ni
1313 3075 1426 3126 mature
1439 3085 1535 3125 emer·

578 3163 662 3223 sisset
673 3183 762 3234 error,
775 3165 896 3243 verique
915 3164 1087 3243 proditionis
1103 3173 1239 3224 auctores
1254 3173 1362 3224 temere
1382 3173 1537 3244 suspectos

579 3261 710 3343 periculo
723 3261 906 3321 liberassent.
944 3261 1036 3321 lllorsi
1050 3261 1172 3343 quidam
1184 3263 1312 3322 immixti
1327 3261 1536 3322 Romanorum

561 3431 569 3434 ,
581 3359 817 3441 pabulatoribus,
831 3368 862 3419 et
871 3379 924 3440 pro
935 3360 1021 3419 sociis
1033 3381 1065 3419 se
1079 3369 1221 3438 gerentes,
1232 3371 1332 3420 castra
1341 3358 1427 3419 simul
1440 3360 1536 3439 ingre-

579 3456 612 3516 di
624 3465 854 3534 consneveroot:
878 3457 1027 3537 indeque
1046 3459 1110 3518 visu
1128 3457 1293 3537 audituque
1311 3459 1536 3538 comperieban-

496 3636 500 3644 .
579 3564 638 3626 tur,
652 3556 712 3614 mis
724 3555 841 3615 occulte
853 3556 1040 3616 nuntiabant.

620 3659 670 3716 47.
694 3652 756 3713 His
767 3654 916 3736 supplicio
929 3652 1045 3714 affectis
1058 3653 1199 3714 restincta
1214 3654 1308 3732 magis
1321 3673 1448 3734 praseae
1462 3653 1537 3713 inri-

580 3747 643 3820 din,
656 3771 747 3832 quarn
764 3771 804 3812 ex
822 3752 968 3832 suspicaci
986 3749 1115 3812 consulis
1128 3753 1246 3829 ingenio
1259 3751 1363 3811 evulso
1374 3750 1539 3824 solicitudo

503 3897 509 3913 .
540 3896 549 3914 .
581 3855 637 3907 est.
678 3846 763 3907 Nam
785 3858 819 3908 et
844 3847 881 3908 C.
911 3848 1054 3920 Marium,
1079 3846 1149 3908 licet
1171 3850 1367 3929 propinquum
1384 3867 1482 3919 suum,
1506 3847 1538 3907 id

583 3964 669 4022 agere
692 3947 829 4026 putabat,
851 3955 884 4006 ut
904 3947 1040 4026 prasenti
1062 3966 1141 4008 anno
1166 3947 1293 4024 segniter
1313 3953 1462 4015 extracto,
1484 3945 1540 4005 illo

582 4045 738 4122 septimum
746 4045 850 4105 consul
859 4043 957 4104 lactus
967 4044 1080 4104 bellum
1092 4045 1234 4123 integrum
1244 4045 1400 4125 acciperet.
1430 4043 1538 4110 Quan-

584 4159 674 4218 quam
693 4141 793 4201 Mario
807 4141 925 4202 consilii
945 4143 990 4201 sui
1008 4141 1116 4202 idoneo
1133 4161 1224 4201 causa
1236 4149 1309 4200 erat.
1353 4139 1445 4206 Quod
1458 4141 1539 4200 enim

585 4232 742 4295 inbostioo
761 4235 874 4296 bellum
891 4245 978 4304 esset,
996 4223 1072 4296 trahi
1087 4247 1220 4316 oportere
1234 4233 1394 4294 identidem
1408 4253 1539 4294 summo·

627 4431 639 4466 ¹
669 4433 739 4483 Viros
768 4432 896 4498 mucius]
928 4433 1040 4484 Grecos
1073 4448 1123 4483 vox
1140 4433 1230 4483 moro·
1248 4439 1333 4495 ronst,
1349 4445 1399 4484 nec
1415 4431 1540 4501 designat

586 4498 697 4564 scriptor
713 4497 793 4592 lubet
814 4497 963 4566 εὖπατρίδω,
982 4515 1040 4567 qun
1072 4502 1220 4551 neoestcrio
1229 4499 1352 4563 patricios.
1468 4551 1473 4562 .
