<?xml version="1.0" encoding="UTF-8"?>
<!DOCTYPE html PUBLIC "-//W3C//DTD XHTML 1.0 Transitional//EN"
    "http://www.w3.org/TR/xhtml1/DTD/xhtml1-transitional.dtd">
<html xmlns="http://www.w3.org/1999/xhtml" xml:lang="en" lang="en">
 <head>
  <title>
</title>
<meta http-equiv="Content-Type" content="text/html;charset=utf-8" />
  <meta name='ocr-system' content='tesseract 3.04.00' />
  <meta name='ocr-capabilities' content='ocr_page ocr_carea ocr_par ocr_line ocrx_word'/>
</head>
<body>
  <div class='ocr_page' id='page_1' title='image "./tliviipatavinih01rupegoog_0164.png"; bbox 0 0 3300 5225; ppageno 0'>
   <div class='ocr_carea' id='block_1_1' title="bbox 395 590 1033 657">
    <p class='ocr_par' dir='ltr' id='par_1_1' title="bbox 395 590 1033 657">
     <span class='ocr_line' id='line_1_1' title="bbox 395 590 1033 657; baseline -0.009 0"><span class='ocrx_word' id='word_1_1' title='bbox 395 590 484 657; x_wconf 80' lang='grc'><strong>4590</strong></span> <span class='ocrx_word' id='word_1_2' title='bbox 880 604 915 652; x_wconf 86' lang='grc' dir='ltr'>ι.</span> <span class='ocrx_word' id='word_1_3' title='bbox 937 599 1033 653; x_wconf 76' lang='lat' dir='ltr'>urvis</span> 
     </span>
    </p>
   </div>
   <div class='ocr_carea' id='block_1_2' title="bbox 396 740 1515 2316">
    <p class='ocr_par' dir='ltr' id='par_1_2' title="bbox 396 740 1515 2283">
     <span class='ocr_line' id='line_1_2' title="bbox 559 740 1507 825; baseline -0.008 -16"><span class='ocrx_word' id='word_1_4' title='bbox 559 748 648 819; x_wconf 89' lang='lat' dir='ltr'>tibus,</span> <span class='ocrx_word' id='word_1_5' title='bbox 666 748 727 809; x_wconf 83' lang='lat' dir='ltr'>sive</span> <span class='ocrx_word' id='word_1_6' title='bbox 750 746 841 807; x_wconf 84' lang='lat' dir='ltr'>Msrii</span> <span class='ocrx_word' id='word_1_7' title='bbox 859 744 1024 825; x_wconf 77' lang='lat' dir='ltr'>Ginnteque</span> <span class='ocrx_word' id='word_1_8' title='bbox 1043 742 1151 823; x_wconf 77' lang='lat' dir='ltr'>juretis</span> <span class='ocrx_word' id='word_1_9' title='bbox 1167 742 1317 823; x_wconf 77' lang='lat' dir='ltr'>promissis</span> <span class='ocrx_word' id='word_1_10' title='bbox 1329 740 1436 812; x_wconf 85' lang='lat' dir='ltr'>fideus,</span> <span class='ocrx_word' id='word_1_11' title='bbox 1447 743 1507 802; x_wconf 81' lang='lat' dir='ltr'>sire</span> 
     </span>
     <span class='ocr_line' id='line_1_3' title="bbox 396 839 1509 926; baseline -0.009 -17"><span class='ocrx_word' id='word_1_12' title='bbox 396 858 464 909; x_wconf 83' lang='lat' dir='ltr'>Ptut.</span> <span class='ocrx_word' id='word_1_13' title='bbox 559 846 656 926; x_wconf 90' lang='lat' dir='ltr'>potius</span> <span class='ocrx_word' id='word_1_14' title='bbox 676 843 862 924; x_wconf 82' lang='lat' dir='ltr'>henrspicunr</span> <span class='ocrx_word' id='word_1_15' title='bbox 882 840 1017 902; x_wconf 72' lang='lat' dir='ltr'>ludibriis</span> <span class='ocrx_word' id='word_1_16' title='bbox 1035 848 1177 911; x_wconf 81' lang='lat' dir='ltr'>reteutrss,</span> <span class='ocrx_word' id='word_1_17' title='bbox 1189 856 1281 919; x_wconf 84' lang='lat' dir='ltr'>quent</span> <span class='ocrx_word' id='word_1_18' title='bbox 1299 839 1330 898; x_wconf 88' lang='lat' dir='ltr'>in</span> <span class='ocrx_word' id='word_1_19' title='bbox 1349 839 1509 899; x_wconf 73' lang='lat' dir='ltr'>nnitotens</span> 
     </span>
     <span class='ocr_line' id='line_1_4' title="bbox 397 935 1511 1023; baseline -0.006 -18"><span class='ocrx_word' id='word_1_20' title='bbox 397 954 505 1023; x_wconf 71' lang='lat' dir='ltr'>Appias.</span> <span class='ocrx_word' id='word_1_21' title='bbox 560 942 685 1023; x_wconf 80' lang='lat' dir='ltr'>proclivi</span> <span class='ocrx_word' id='word_1_22' title='bbox 707 939 883 1001; x_wconf 73' lang='lat' dir='ltr'>credulitate</span> <span class='ocrx_word' id='word_1_23' title='bbox 909 940 1030 1019; x_wconf 71' lang='lat' dir='ltr'>egebat,</span> <span class='ocrx_word' id='word_1_24' title='bbox 1054 940 1086 998; x_wconf 92' lang='lat' dir='ltr'>in</span> <span class='ocrx_word' id='word_1_25' title='bbox 1108 936 1282 998; x_wconf 83' lang='lat' dir='ltr'>Joniculurn</span> <span class='ocrx_word' id='word_1_26' title='bbox 1303 955 1373 996; x_wconf 87' lang='lat' dir='ltr'>curn</span> <span class='ocrx_word' id='word_1_27' title='bbox 1395 935 1511 1016; x_wconf 86' lang='lat' dir='ltr'>sliquot</span> 
     </span>
     <span class='ocr_line' id='line_1_5' title="bbox 559 1032 1512 1119; baseline -0.005 -20"><span class='ocrx_word' id='word_1_28' title='bbox 559 1038 723 1099; x_wconf 70' lang='lat' dir='ltr'>illustribus</span> <span class='ocrx_word' id='word_1_29' title='bbox 735 1038 806 1099; x_wconf 82' lang='lat' dir='ltr'>viris</span> <span class='ocrx_word' id='word_1_30' title='bbox 817 1046 850 1097; x_wconf 90' lang='lat' dir='ltr'>et</span> <span class='ocrx_word' id='word_1_31' title='bbox 866 1046 951 1119; x_wconf 79' lang='lat' dir='ltr'>perte</span> <span class='ocrx_word' id='word_1_32' title='bbox 962 1035 1115 1117; x_wconf 70' lang='lat' dir='ltr'>copiarum</span> <span class='ocrx_word' id='word_1_33' title='bbox 1127 1035 1283 1096; x_wconf 87' lang='lat' dir='ltr'>concessit.</span> <span class='ocrx_word' id='word_1_34' title='bbox 1326 1044 1335 1070; x_wconf 80' lang='lat'>⁸</span> <span class='ocrx_word' id='word_1_35' title='bbox 1348 1032 1512 1113; x_wconf 72' lang='lat' dir='ltr'>Indignum</span> 
     </span>
     <span class='ocr_line' id='line_1_6' title="bbox 559 1132 1511 1216; baseline -0.005 -21"><span class='ocrx_word' id='word_1_36' title='bbox 559 1136 637 1195; x_wconf 86' lang='lat' dir='ltr'>enim</span> <span class='ocrx_word' id='word_1_37' title='bbox 651 1144 742 1216; x_wconf 81' lang='lat' dir='ltr'>etque</span> <span class='ocrx_word' id='word_1_38' title='bbox 755 1143 842 1215; x_wconf 86' lang='lat' dir='ltr'>turpe</span> <span class='ocrx_word' id='word_1_39' title='bbox 855 1133 986 1209; x_wconf 68' lang='lat' dir='ltr'>focinus’</span> <span class='ocrx_word' id='word_1_40' title='bbox 1006 1132 1108 1193; x_wconf 82' lang='lat' dir='ltr'>niebst</span> <span class='ocrx_word' id='word_1_41' title='bbox 1126 1141 1178 1192; x_wconf 87' lang='lat' dir='ltr'>‘se</span> <span class='ocrx_word' id='word_1_42' title='bbox 1194 1132 1417 1192; x_wconf 79' lang='lat' dir='ltr'>commissurum</span> <span class='ocrx_word' id='word_1_43' title='bbox 1436 1152 1511 1203; x_wconf 86' lang='lat' dir='ltr'>erse,</span> 
     </span>
     <span class='ocr_line' id='line_1_7' title="bbox 558 1226 1513 1314; baseline -0.003 -22"><span class='ocrx_word' id='word_1_44' title='bbox 558 1234 728 1314; x_wconf 85' lang='lat' dir='ltr'>sipntrism</span> <span class='ocrx_word' id='word_1_45' title='bbox 748 1231 895 1294; x_wconf 87' lang='lat' dir='ltr'>consuleri</span> <span class='ocrx_word' id='word_1_46' title='bbox 914 1230 1038 1310; x_wconf 90' lang='lat' dir='ltr'>irnperio</span> <span class='ocrx_word' id='word_1_47' title='bbox 1054 1226 1374 1340; x_wconf 75' lang='lat' dir='ltr'>prredibssdesereret’</span> <span class='ocrx_word' id='word_1_48' title='bbox 1416 1226 1513 1308; x_wconf 73' lang='lat' dir='ltr'>Igitur</span> 
     </span>
     <span class='ocr_line' id='line_1_8' title="bbox 559 1326 1512 1406; baseline -0.004 -17"><span class='ocrx_word' id='word_1_49' title='bbox 559 1328 665 1391; x_wconf 81' lang='grc' dir='ltr'>ιΙΙιιιιι4</span> <span class='ocrx_word' id='word_1_50' title='bbox 677 1328 753 1391; x_wconf 76' lang='lat' dir='ltr'>selle</span> <span class='ocrx_word' id='word_1_51' title='bbox 765 1328 873 1400; x_wconf 88' lang='lat' dir='ltr'>curuli,</span> <span class='ocrx_word' id='word_1_52' title='bbox 885 1326 1209 1406; x_wconf 70' lang='lat' dir='ltr'>magistroursinsignio</span> <span class='ocrx_word' id='word_1_53' title='bbox 1217 1326 1402 1396; x_wconf 72' lang='lat' dir='ltr'>retinentem,</span> <span class='ocrx_word' id='word_1_54' title='bbox 1411 1334 1512 1386; x_wconf 71' lang='lat' dir='ltr'>uten-</span> 
     </span>
     <span class='ocr_line' id='line_1_9' title="bbox 396 1422 1513 1505; baseline -0.001 -22"><span class='ocrx_word' id='word_1_55' title='bbox 396 1431 490 1483; x_wconf 63' lang='lat' dir='ltr'>veuit}</span> <span class='ocrx_word' id='word_1_56' title='bbox 492 1436 547 1485; x_wconf 66' lang='grc' dir='ltr'>ιιι</span> <span class='ocrx_word' id='word_1_57' title='bbox 560 1426 739 1505; x_wconf 83' lang='lat' dir='ltr'>tibusjuxte</span> <span class='ocrx_word' id='word_1_58' title='bbox 751 1424 917 1496; x_wconf 76' lang='lat' dir='ltr'>lictoribus,</span> <span class='ocrx_word' id='word_1_59' title='bbox 931 1423 1061 1485; x_wconf 73' lang='grc' dir='ltr'>Οἰιιιιιι·</span> <span class='ocrx_word' id='word_1_60' title='bbox 1046 1443 1133 1502; x_wconf 77' lang='lat' dir='ltr'>Jusso</span> <span class='ocrx_word' id='word_1_61' title='bbox 1145 1422 1312 1505; x_wconf 71' lang='lat' dir='ltr'>preniissus</span> <span class='ocrx_word' id='word_1_62' title='bbox 1322 1442 1392 1483; x_wconf 89' lang='lat' dir='ltr'>cum</span> <span class='ocrx_word' id='word_1_63' title='bbox 1404 1422 1513 1502; x_wconf 85' lang='lat' dir='ltr'>equiti·</span> 
     </span>
     <span class='ocr_line' id='line_1_10' title="bbox 398 1498 1513 1601; baseline -0.005 -18"><span class='ocrx_word' id='word_1_64' title='bbox 398 1498 505 1564; x_wconf 44' lang='lat' dir='ltr'>‘illim‘</span> <span class='ocrx_word' id='word_1_65' title='bbox 559 1523 615 1583; x_wconf 89' lang='lat' dir='ltr'>bus</span> <span class='ocrx_word' id='word_1_66' title='bbox 635 1522 815 1584; x_wconf 80' lang='lat' dir='ltr'>Censorinus</span> <span class='ocrx_word' id='word_1_67' title='bbox 838 1522 957 1582; x_wconf 76' lang='lat' dir='ltr'>inussit.</span> <span class='ocrx_word' id='word_1_68' title='bbox 998 1520 1051 1581; x_wconf 85' lang='lat' dir='ltr'>Ibi</span> <span class='ocrx_word' id='word_1_69' title='bbox 1074 1539 1192 1601; x_wconf 89' lang='lat' dir='ltr'>quoque</span> <span class='ocrx_word' id='word_1_70' title='bbox 1217 1518 1327 1579; x_wconf 74' lang='lat' dir='ltr'>hortati</span> <span class='ocrx_word' id='word_1_71' title='bbox 1349 1518 1390 1579; x_wconf 82' lang='lat' dir='ltr'>od</span> <span class='ocrx_word' id='word_1_72' title='bbox 1410 1516 1513 1597; x_wconf 77' lang='lat' dir='ltr'>iugero</span> 
     </span>
     <span class='ocr_line' id='line_1_11' title="bbox 560 1614 1512 1729; baseline -0.003 -50"><span class='ocrx_word' id='word_1_73' title='bbox 560 1618 648 1679; x_wconf 79' lang='lat' dir='ltr'>enrici</span> <span class='ocrx_word' id='word_1_74' title='bbox 661 1638 770 1729; x_wconf 82' lang='lat' dir='ltr'>equum</span> <span class='ocrx_word' id='word_1_75' title='bbox 784 1619 972 1679; x_wconf 81' lang='lat' dir='ltr'>obtulerent·</span> <span class='ocrx_word' id='word_1_76' title='bbox 994 1616 1046 1677; x_wconf 92' lang='lat' dir='ltr'>ille</span> <span class='ocrx_word' id='word_1_77' title='bbox 1059 1636 1096 1677; x_wconf 87' lang='lat' dir='ltr'>ne</span> <span class='ocrx_word' id='word_1_78' title='bbox 1107 1635 1226 1695; x_wconf 79' lang='lat' dir='ltr'>surgere</span> <span class='ocrx_word' id='word_1_79' title='bbox 1235 1614 1355 1696; x_wconf 86' lang='lat' dir='ltr'>quidem</span> <span class='ocrx_word' id='word_1_80' title='bbox 1361 1614 1512 1694; x_wconf 72' lang='lat' dir='ltr'>dignatio,</span> 
     </span>
     <span class='ocr_line' id='line_1_12' title="bbox 560 1714 1086 1796; baseline 0 -21"><span class='ocrx_word' id='word_1_81' title='bbox 560 1734 662 1775; x_wconf 85' lang='lat' dir='ltr'>necem</span> <span class='ocrx_word' id='word_1_82' title='bbox 676 1716 705 1774; x_wconf 94' lang='lat' dir='ltr'>in</span> <span class='ocrx_word' id='word_1_83' title='bbox 719 1736 784 1796; x_wconf 83' lang='lat' dir='ltr'>rpso</span> <span class='ocrx_word' id='word_1_84' title='bbox 789 1714 891 1775; x_wconf 79' lang='lat' dir='ltr'>curuli</span> <span class='ocrx_word' id='word_1_85' title='bbox 903 1714 1086 1795; x_wconf 80' lang='lat' dir='ltr'>expectevit.</span> 
     </span>
     <span class='ocr_line' id='line_1_13' title="bbox 396 1810 1515 1892; baseline -0.002 -19"><span class='ocrx_word' id='word_1_86' title='bbox 396 1812 462 1862; x_wconf 73' lang='lat' dir='ltr'>Plus.</span> <span class='ocrx_word' id='word_1_87' title='bbox 599 1818 650 1876; x_wconf 74' lang='lat' dir='ltr'>ot.</span> <span class='ocrx_word' id='word_1_88' title='bbox 673 1810 711 1872; x_wconf 88' lang='grc' dir='ltr'>Ιιι</span> <span class='ocrx_word' id='word_1_89' title='bbox 729 1813 793 1872; x_wconf 89' lang='lat' dir='ltr'>sinu</span> <span class='ocrx_word' id='word_1_90' title='bbox 808 1812 955 1873; x_wconf 83' lang='lat' dir='ltr'>interemti</span> <span class='ocrx_word' id='word_1_91' title='bbox 968 1811 1096 1872; x_wconf 85' lang='lat' dir='ltr'>tebellns</span> <span class='ocrx_word' id='word_1_92' title='bbox 1116 1820 1250 1892; x_wconf 74' lang='lat' dir='ltr'>repertas</span> <span class='ocrx_word' id='word_1_93' title='bbox 1260 1830 1324 1871; x_wconf 89' lang='lat' dir='ltr'>esse</span> <span class='ocrx_word' id='word_1_94' title='bbox 1341 1830 1411 1871; x_wconf 81' lang='lat' dir='ltr'>curn</span> <span class='ocrx_word' id='word_1_95' title='bbox 1422 1810 1515 1890; x_wconf 76' lang='lat' dir='ltr'>signis</span> 
     </span>
     <span class='ocr_line' id='line_1_14' title="bbox 560 1908 1514 1987; baseline -0.002 -17"><span class='ocrx_word' id='word_1_96' title='bbox 560 1908 770 1970; x_wconf 77' lang='lat' dir='ltr'>Obeldteorum</span> <span class='ocrx_word' id='word_1_97' title='bbox 785 1908 894 1981; x_wconf 82' lang='lat' dir='ltr'>ierunt,</span> <span class='ocrx_word' id='word_1_98' title='bbox 904 1908 1014 1969; x_wconf 87' lang='lat' dir='ltr'>illustri</span> <span class='ocrx_word' id='word_1_99' title='bbox 1026 1908 1066 1969; x_wconf 81' lang='lat' dir='ltr'>ed</span> <span class='ocrx_word' id='word_1_100' title='bbox 1075 1908 1453 1987; x_wconf 75' lang='lat' dir='ltr'>coerguendsertisiuunie</span> <span class='ocrx_word' id='word_1_101' title='bbox 1459 1908 1514 1968; x_wconf 90' lang='lat' dir='ltr'>do-</span> 
     </span>
     <span class='ocr_line' id='line_1_15' title="bbox 397 2004 1514 2119; baseline -0.008 -47"><span class='ocrx_word' id='word_1_102' title='bbox 397 2006 504 2119; x_wconf 68' lang='lat' dir='ltr'>Appius.</span> <span class='ocrx_word' id='word_1_103' title='bbox 559 2016 706 2067; x_wconf 84' lang='lat' dir='ltr'>cumento.</span> <span class='ocrx_word' id='word_1_104' title='bbox 729 2004 1008 2087; x_wconf 80' lang='lat' dir='ltr'>Caputcerricibus</span> <span class='ocrx_word' id='word_1_105' title='bbox 1016 2006 1178 2067; x_wconf 75' lang='lat' dir='ltr'>abscissum</span> <span class='ocrx_word' id='word_1_106' title='bbox 1191 2004 1424 2066; x_wconf 81' lang='lat' dir='ltr'>Censorinused</span> <span class='ocrx_word' id='word_1_107' title='bbox 1438 2004 1514 2064; x_wconf 84' lang='lat' dir='ltr'>Ciu-</span> 
     </span>
     <span class='ocr_line' id='line_1_16' title="bbox 396 2072 1515 2194; baseline 0.001 -33"><span class='ocrx_word' id='word_1_108' title='bbox 396 2136 427 2186; x_wconf 87' lang='lat' dir='ltr'>ci</span> <span class='ocrx_word' id='word_1_109' title='bbox 416 2072 523 2194; x_wconf 37' lang='lat' dir='ltr'>&amp;gog-⁸</span> <span class='ocrx_word' id='word_1_110' title='bbox 559 2122 628 2163; x_wconf 80' lang='lat' dir='ltr'>nom</span> <span class='ocrx_word' id='word_1_111' title='bbox 654 2101 766 2173; x_wconf 82' lang='lat' dir='ltr'>etbrlit,</span> <span class='ocrx_word' id='word_1_112' title='bbox 791 2123 810 2164; x_wconf 82' lang='lat' dir='ltr'>o</span> <span class='ocrx_word' id='word_1_113' title='bbox 834 2122 894 2184; x_wconf 92' lang='lat' dir='ltr'>quo</span> <span class='ocrx_word' id='word_1_114' title='bbox 916 2104 1036 2162; x_wconf 83' lang='lat' dir='ltr'>missum</span> <span class='ocrx_word' id='word_1_115' title='bbox 1056 2103 1087 2162; x_wconf 92' lang='lat' dir='ltr'>in</span> <span class='ocrx_word' id='word_1_116' title='bbox 1114 2111 1209 2162; x_wconf 84' lang='lat' dir='ltr'>rostro</span> <span class='ocrx_word' id='word_1_117' title='bbox 1228 2111 1286 2173; x_wconf 77' lang='lat' dir='ltr'>est,</span> <span class='ocrx_word' id='word_1_118' title='bbox 1308 2110 1342 2160; x_wconf 85' lang='lat' dir='ltr'>ut</span> <span class='ocrx_word' id='word_1_119' title='bbox 1361 2121 1423 2181; x_wconf 87' lang='lat' dir='ltr'>quo</span> <span class='ocrx_word' id='word_1_120' title='bbox 1447 2100 1515 2162; x_wconf 92' lang='lat' dir='ltr'>loco</span> 
     </span>
     <span class='ocr_line' id='line_1_17' title="bbox 397 2198 1515 2316; baseline -0.003 -53.86"><span class='ocrx_word' id='word_1_121' title='bbox 397 2206 488 2252; x_wconf 78' lang='grc'><strong>11111·</strong></span> <span class='ocrx_word' id='word_1_122' title='bbox 505 2209 651 2316; x_wconf 57' lang='lat' dir='ltr'>„ceput</span> <span class='ocrx_word' id='word_1_123' title='bbox 673 2208 839 2282; x_wconf 74' lang='lat' dir='ltr'>spectatum</span> <span class='ocrx_word' id='word_1_124' title='bbox 860 2199 901 2261; x_wconf 90' lang='lat' dir='ltr'>P.</span> <span class='ocrx_word' id='word_1_125' title='bbox 916 2199 1043 2283; x_wconf 83' lang='lat' dir='ltr'>Sulpicii</span> <span class='ocrx_word' id='word_1_126' title='bbox 1066 2198 1155 2270; x_wconf 79' lang='lat' dir='ltr'>foret,</span> <span class='ocrx_word' id='word_1_127' title='bbox 1175 2208 1394 2281; x_wconf 83' lang='lat' dir='ltr'>proponeretur.</span> <span class='ocrx_word' id='word_1_128' title='bbox 1435 2198 1515 2259; x_wconf 85' lang='lat' dir='ltr'>Turn</span> 
     </span>
    </p>
   </div>
   <div class='ocr_carea' id='block_1_3' title="bbox 394 2216 1516 2383">
    <p class='ocr_par' dir='ltr' id='par_1_3' title="bbox 394 2216 1516 2383">
     <span class='ocr_line' id='line_1_18' title="bbox 394 2216 1516 2383; baseline -0.004 -25"><span class='ocrx_word' id='word_1_129' title='bbox 394 2216 535 2382; x_wconf 42' lang='lat' dir='ltr'>Pseptaoi</span> <span class='ocrx_word' id='word_1_130' title='bbox 473 2332 546 2383; x_wconf 60' lang='lat' dir='ltr'>M„</span> <span class='ocrx_word' id='word_1_131' title='bbox 539 2297 678 2358; x_wconf 86' lang='lat' dir='ltr'>&#39;deorum</span> <span class='ocrx_word' id='word_1_132' title='bbox 691 2296 794 2357; x_wconf 85' lang='lat' dir='ltr'>revelli</span> <span class='ocrx_word' id='word_1_133' title='bbox 807 2304 887 2357; x_wconf 86' lang='lat' dir='ltr'>terro</span> <span class='ocrx_word' id='word_1_134' title='bbox 898 2306 991 2378; x_wconf 82' lang='lat' dir='ltr'>ceput</span> <span class='ocrx_word' id='word_1_135' title='bbox 1007 2297 1148 2377; x_wconf 86' lang='lat' dir='ltr'>potuisse,</span> <span class='ocrx_word' id='word_1_136' title='bbox 1161 2296 1242 2376; x_wconf 92' lang='lat' dir='ltr'>quod</span> <span class='ocrx_word' id='word_1_137' title='bbox 1254 2294 1341 2355; x_wconf 87' lang='lat' dir='ltr'>nulls</span> <span class='ocrx_word' id='word_1_138' title='bbox 1351 2306 1516 2378; x_wconf 75' lang='lat' dir='ltr'>opponente</span> 
     </span>
    </p>
   </div>
   <div class='ocr_carea' id='block_1_4' title="bbox 395 2390 1515 2798">
    <p class='ocr_par' dir='ltr' id='par_1_4' title="bbox 395 2390 1515 2671">
     <span class='ocr_line' id='line_1_19' title="bbox 395 2390 1515 2474; baseline -0.002 -20"><span class='ocrx_word' id='word_1_139' title='bbox 395 2399 450 2446; x_wconf 80' lang='lat'><strong>1·⁶·</strong></span> <span class='ocrx_word' id='word_1_140' title='bbox 559 2413 651 2454; x_wconf 80' lang='lat' dir='ltr'>ceuso</span> <span class='ocrx_word' id='word_1_141' title='bbox 666 2412 705 2453; x_wconf 85' lang='lat' dir='ltr'>ox</span> <span class='ocrx_word' id='word_1_142' title='bbox 722 2392 880 2454; x_wconf 73' lang='lat' dir='ltr'>simulacro</span> <span class='ocrx_word' id='word_1_143' title='bbox 898 2390 1055 2474; x_wconf 87' lang='lat' dir='ltr'>Apollinis</span> <span class='ocrx_word' id='word_1_144' title='bbox 1072 2394 1232 2473; x_wconf 75' lang='lat' dir='ltr'>abruptum</span> <span class='ocrx_word' id='word_1_145' title='bbox 1245 2391 1299 2451; x_wconf 91' lang='lat' dir='ltr'>diu</span> <span class='ocrx_word' id='word_1_146' title='bbox 1316 2401 1386 2452; x_wconf 85' lang='lat' dir='ltr'>ente</span> <span class='ocrx_word' id='word_1_147' title='bbox 1404 2390 1515 2463; x_wconf 79' lang='lat' dir='ltr'>lueret,</span> 
     </span>
     <span class='ocr_line' id='line_1_20' title="bbox 558 2487 1514 2571; baseline 0.002 -22"><span class='ocrx_word' id='word_1_148' title='bbox 558 2488 675 2552; x_wconf 79' lang='lat' dir='ltr'>ferunt.</span> <span class='ocrx_word' id='word_1_149' title='bbox 695 2488 818 2571; x_wconf 85' lang='lat' dir='ltr'>expleto</span> <span class='ocrx_word' id='word_1_150' title='bbox 842 2489 956 2551; x_wconf 88' lang='lat' dir='ltr'>scilicet</span> <span class='ocrx_word' id='word_1_151' title='bbox 980 2499 1087 2551; x_wconf 85' lang='lat' dir='ltr'>eventu</span> <span class='ocrx_word' id='word_1_152' title='bbox 1110 2489 1249 2571; x_wconf 73' lang='lat' dir='ltr'>prodigii,</span> <span class='ocrx_word' id='word_1_153' title='bbox 1267 2487 1348 2571; x_wconf 89' lang='lat' dir='ltr'>qood</span> <span class='ocrx_word' id='word_1_154' title='bbox 1366 2488 1406 2549; x_wconf 84' lang='lat' dir='ltr'>ed</span> <span class='ocrx_word' id='word_1_155' title='bbox 1426 2510 1514 2551; x_wconf 81' lang='lat' dir='ltr'>suuni</span> 
     </span>
     <span class='ocr_line' id='line_1_21' title="bbox 558 2585 1280 2671; baseline -0.001 -23"><span class='ocrx_word' id='word_1_156' title='bbox 558 2588 683 2648; x_wconf 84' lang='lat' dir='ltr'>exitium</span> <span class='ocrx_word' id='word_1_157' title='bbox 695 2586 841 2668; x_wconf 86' lang='lat' dir='ltr'>pertinere</span> <span class='ocrx_word' id='word_1_158' title='bbox 851 2586 1019 2648; x_wconf 69' lang='lat' dir='ltr'>octavius</span> <span class='ocrx_word' id='word_1_159' title='bbox 1011 2606 1073 2670; x_wconf 81' lang='lat' dir='ltr'>ipse</span> <span class='ocrx_word' id='word_1_160' title='bbox 1086 2585 1280 2671; x_wconf 71' lang='lat' dir='ltr'>predixerat.</span> 
     </span>
    </p>

    <p class='ocr_par' dir='ltr' id='par_1_5' title="bbox 397 2683 1515 2798">
     <span class='ocr_line' id='line_1_22' title="bbox 397 2683 1515 2798; baseline 0 -52"><span class='ocrx_word' id='word_1_161' title='bbox 397 2684 661 2798; x_wconf 51' lang='lat' dir='ltr'>Dff&#39;m,</span> <span class='ocrx_word' id='word_1_162' title='bbox 599 2691 649 2746; x_wconf 76' lang='lat'>28.</span> <span class='ocrx_word' id='word_1_163' title='bbox 672 2683 861 2746; x_wconf 71' lang='lat' dir='ltr'>Consultatio</span> <span class='ocrx_word' id='word_1_164' title='bbox 881 2683 990 2746; x_wconf 86' lang='lat' dir='ltr'>deindo</span> <span class='ocrx_word' id='word_1_165' title='bbox 1004 2684 1114 2745; x_wconf 85' lang='lat' dir='ltr'>ducum</span> <span class='ocrx_word' id='word_1_166' title='bbox 1136 2684 1243 2757; x_wconf 87' lang='lat' dir='ltr'>tenuit,</span> <span class='ocrx_word' id='word_1_167' title='bbox 1262 2683 1515 2795; x_wconf 75' lang='lat' dir='ltr'>quemdrnodurn</span> 
     </span>
    </p>
   </div>
   <div class='ocr_carea' id='block_1_5' title="bbox 395 2875 1518 4327">
    <p class='ocr_par' dir='ltr' id='par_1_6' title="bbox 395 2875 1516 3152">
     <span class='ocr_line' id='line_1_23' title="bbox 395 2875 1516 2956; baseline 0.004 -21"><span class='ocrx_word' id='word_1_168' title='bbox 395 2876 461 2930; x_wconf 80' lang='lat' dir='ltr'>Ptut</span> <span class='ocrx_word' id='word_1_169' title='bbox 469 2879 530 2930; x_wconf 82' lang='lat' dir='ltr'>Sert</span> <span class='ocrx_word' id='word_1_170' title='bbox 559 2877 678 2956; x_wconf 73' lang='lat' dir='ltr'>ingenio</span> <span class='ocrx_word' id='word_1_171' title='bbox 702 2880 862 2940; x_wconf 79' lang='lat' dir='ltr'>censebat:</span> <span class='ocrx_word' id='word_1_172' title='bbox 884 2877 936 2938; x_wconf 89' lang='lat' dir='ltr'>sed</span> <span class='ocrx_word' id='word_1_173' title='bbox 957 2897 1045 2939; x_wconf 78' lang='lat' dir='ltr'>nenio</span> <span class='ocrx_word' id='word_1_174' title='bbox 1066 2875 1115 2938; x_wconf 85' lang='lat' dir='ltr'>vel</span> <span class='ocrx_word' id='word_1_175' title='bbox 1132 2876 1256 2938; x_wconf 72' lang='lat' dir='ltr'>lenitate</span> <span class='ocrx_word' id='word_1_176' title='bbox 1273 2877 1317 2946; x_wconf 69' lang='lat' dir='ltr'>Q„</span> <span class='ocrx_word' id='word_1_177' title='bbox 1338 2876 1516 2952; x_wconf 77' lang='lat' dir='ltr'>Sertorium,</span> 
     </span>
     <span class='ocr_line' id='line_1_24' title="bbox 559 2973 1515 3055; baseline 0.002 -21"><span class='ocrx_word' id='word_1_178' title='bbox 559 2975 608 3034; x_wconf 90' lang='lat' dir='ltr'>rel</span> <span class='ocrx_word' id='word_1_179' title='bbox 621 2974 786 3036; x_wconf 72' lang='lat' dir='ltr'>sevitiae.</span> <span class='ocrx_word' id='word_1_180' title='bbox 803 2974 934 3036; x_wconf 82' lang='lat' dir='ltr'>Moriunr</span> <span class='ocrx_word' id='word_1_181' title='bbox 947 2974 1139 3055; x_wconf 78' lang='lat' dir='ltr'>sdequobet.</span> <span class='ocrx_word' id='word_1_182' title='bbox 1179 2973 1242 3036; x_wconf 88' lang='lat' dir='ltr'>Sed</span> <span class='ocrx_word' id='word_1_183' title='bbox 1254 2973 1307 3036; x_wconf 89' lang='lat' dir='ltr'>ille</span> <span class='ocrx_word' id='word_1_184' title='bbox 1316 2995 1372 3036; x_wconf 86' lang='lat' dir='ltr'>neo</span> <span class='ocrx_word' id='word_1_185' title='bbox 1384 2977 1515 3036; x_wconf 80' lang='lat' dir='ltr'>suctcri·</span> 
     </span>
     <span class='ocr_line' id='line_1_25' title="bbox 559 3070 1516 3152; baseline 0.004 -22"><span class='ocrx_word' id='word_1_186' title='bbox 559 3078 621 3130; x_wconf 81' lang='lat' dir='ltr'>tetc</span> <span class='ocrx_word' id='word_1_187' title='bbox 642 3091 697 3152; x_wconf 81' lang='lat' dir='ltr'>por</span> <span class='ocrx_word' id='word_1_188' title='bbox 717 3080 782 3132; x_wconf 82' lang='lat' dir='ltr'>eret</span> <span class='ocrx_word' id='word_1_189' title='bbox 804 3071 917 3142; x_wconf 84' lang='lat' dir='ltr'>Morio,</span> <span class='ocrx_word' id='word_1_190' title='bbox 938 3079 970 3131; x_wconf 91' lang='lat' dir='ltr'>et</span> <span class='ocrx_word' id='word_1_191' title='bbox 985 3071 1131 3152; x_wconf 90' lang='lat' dir='ltr'>quicquid</span> <span class='ocrx_word' id='word_1_192' title='bbox 1149 3070 1249 3132; x_wconf 90' lang='lat' dir='ltr'>dicere</span> <span class='ocrx_word' id='word_1_193' title='bbox 1269 3080 1396 3151; x_wconf 82' lang='lat' dir='ltr'>poteret,</span> <span class='ocrx_word' id='word_1_194' title='bbox 1409 3073 1479 3152; x_wconf 75' lang='lat' dir='ltr'>jorn</span> <span class='ocrx_word' id='word_1_195' title='bbox 1496 3093 1516 3134; x_wconf 87' lang='grc' dir='ltr'>ιι</span> 
     </span>
    </p>

    <p class='ocr_par' dir='ltr' id='par_1_7' title="bbox 396 3164 1517 3538">
     <span class='ocr_line' id='line_1_26' title="bbox 396 3164 1515 3248; baseline 0.004 -23"><span class='ocrx_word' id='word_1_196' title='bbox 396 3164 473 3218; x_wconf 81' lang='lat' dir='ltr'>Diod.</span> <span class='ocrx_word' id='word_1_197' title='bbox 562 3165 740 3228; x_wconf 77' lang='lat' dir='ltr'>Mariccum</span> <span class='ocrx_word' id='word_1_198' title='bbox 754 3182 873 3228; x_wconf 65' lang='lat' dir='ltr'>mensu</span> <span class='ocrx_word' id='word_1_199' title='bbox 885 3177 1052 3228; x_wconf 87' lang='lat' dir='ltr'>ceterorum</span> <span class='ocrx_word' id='word_1_200' title='bbox 1066 3165 1191 3228; x_wconf 78' lang='lat' dir='ltr'>ridebat</span> <span class='ocrx_word' id='word_1_201' title='bbox 1205 3176 1394 3248; x_wconf 84' lang='lat' dir='ltr'>occupetum.</span> <span class='ocrx_word' id='word_1_202' title='bbox 1429 3167 1515 3229; x_wconf 79' lang='lat' dir='ltr'>Noni</span> 
     </span>
     <span class='ocr_line' id='line_1_27' title="bbox 559 3263 1515 3342; baseline 0.003 -20"><span class='ocrx_word' id='word_1_203' title='bbox 559 3271 678 3342; x_wconf 74' lang='lat' dir='ltr'>rogetus</span> <span class='ocrx_word' id='word_1_204' title='bbox 704 3264 878 3325; x_wconf 65' lang='lat' dir='ltr'>renuntiem</span> <span class='ocrx_word' id='word_1_205' title='bbox 905 3263 1033 3335; x_wconf 76' lang='lat' dir='ltr'>Murius,</span> <span class='ocrx_word' id='word_1_206' title='bbox 1057 3271 1091 3322; x_wconf 86' lang='lat' dir='ltr'>nt</span> <span class='ocrx_word' id='word_1_207' title='bbox 1110 3272 1175 3323; x_wconf 80' lang='lat' dir='ltr'>eret</span> <span class='ocrx_word' id='word_1_208' title='bbox 1193 3263 1362 3324; x_wconf 80' lang='lat' dir='ltr'>interirent</span> <span class='ocrx_word' id='word_1_209' title='bbox 1379 3263 1515 3325; x_wconf 76' lang='lat' dir='ltr'>toleretur</span> 
     </span>
     <span class='ocr_line' id='line_1_28' title="bbox 558 3357 1517 3442; baseline 0.003 -24"><span class='ocrx_word' id='word_1_210' title='bbox 558 3357 695 3433; x_wconf 79' lang='lat' dir='ltr'>iortrroae,</span> <span class='ocrx_word' id='word_1_211' title='bbox 713 3369 744 3420; x_wconf 91' lang='lat' dir='ltr'>et</span> <span class='ocrx_word' id='word_1_212' title='bbox 763 3360 898 3421; x_wconf 74' lang='lat' dir='ltr'>letitiam</span> <span class='ocrx_word' id='word_1_213' title='bbox 915 3359 1092 3432; x_wconf 78' lang='lat' dir='ltr'>emendotoe,</span> <span class='ocrx_word' id='word_1_214' title='bbox 1106 3380 1209 3442; x_wconf 81' lang='lat' dir='ltr'>porum</span> <span class='ocrx_word' id='word_1_215' title='bbox 1222 3359 1314 3420; x_wconf 81' lang='lat' dir='ltr'>enimi</span> <span class='ocrx_word' id='word_1_216' title='bbox 1325 3379 1459 3441; x_wconf 82' lang='lat' dir='ltr'>compos,</span> <span class='ocrx_word' id='word_1_217' title='bbox 1473 3363 1517 3422; x_wconf 73' lang='lat' dir='ltr'>ite</span> 
     </span>
     <span class='ocr_line' id='line_1_29' title="bbox 558 3457 668 3538; baseline 0.018 -22"><span class='ocrx_word' id='word_1_218' title='bbox 558 3457 668 3538; x_wconf 85' lang='lat' dir='ltr'>coepit:</span> 
     </span>
    </p>

    <p class='ocr_par' dir='ltr' id='par_1_8' title="bbox 558 3552 1518 4025">
     <span class='ocr_line' id='line_1_30' title="bbox 599 3552 1516 3635; baseline 0.005 -21"><span class='ocrx_word' id='word_1_219' title='bbox 599 3561 651 3616; x_wconf 73' lang='lat'>29.</span> <span class='ocrx_word' id='word_1_220' title='bbox 672 3562 682 3590; x_wconf 92' lang='lat'>‘</span> <span class='ocrx_word' id='word_1_221' title='bbox 696 3552 730 3614; x_wconf 89' lang='lat' dir='ltr'>Si</span> <span class='ocrx_word' id='word_1_222' title='bbox 750 3554 871 3635; x_wconf 85' lang='lat' dir='ltr'>quidem</span> <span class='ocrx_word' id='word_1_223' title='bbox 884 3575 921 3614; x_wconf 87' lang='lat' dir='ltr'>es</span> <span class='ocrx_word' id='word_1_224' title='bbox 939 3553 977 3614; x_wconf 87' lang='lat' dir='ltr'>do</span> <span class='ocrx_word' id='word_1_225' title='bbox 990 3575 1022 3615; x_wconf 88' lang='lat' dir='ltr'>re</span> <span class='ocrx_word' id='word_1_226' title='bbox 1036 3555 1218 3626; x_wconf 81' lang='lat' dir='ltr'>deliberetis,</span> <span class='ocrx_word' id='word_1_227' title='bbox 1235 3554 1272 3615; x_wconf 82' lang='lat' dir='ltr'>L.</span> <span class='ocrx_word' id='word_1_228' title='bbox 1284 3554 1386 3616; x_wconf 82' lang='lat' dir='ltr'>Cissus</span> <span class='ocrx_word' id='word_1_229' title='bbox 1399 3559 1516 3631; x_wconf 85' lang='lat' dir='ltr'>consul,</span> 
     </span>
     <span class='ocr_line' id='line_1_31' title="bbox 558 3651 1517 3733; baseline 0.004 -21"><span class='ocrx_word' id='word_1_230' title='bbox 558 3654 708 3733; x_wconf 83' lang='lat' dir='ltr'>ceterique</span> <span class='ocrx_word' id='word_1_231' title='bbox 719 3659 880 3722; x_wconf 57' lang='lat' dir='ltr'>auctores,</span> <span class='ocrx_word' id='word_1_232' title='bbox 890 3651 1052 3732; x_wconf 69' lang='lat' dir='ltr'>legatique,</span> <span class='ocrx_word' id='word_1_233' title='bbox 1064 3661 1097 3712; x_wconf 88' lang='lat' dir='ltr'>et</span> <span class='ocrx_word' id='word_1_234' title='bbox 1109 3652 1256 3733; x_wconf 69' lang='lat' dir='ltr'>prefecti,</span> <span class='ocrx_word' id='word_1_235' title='bbox 1265 3652 1517 3733; x_wconf 84' lang='lat' dir='ltr'>quemodrnodunr</span> 
     </span>
     <span class='ocr_line' id='line_1_32' title="bbox 560 3747 1516 3830; baseline 0.005 -22"><span class='ocrx_word' id='word_1_236' title='bbox 560 3749 589 3808; x_wconf 92' lang='lat' dir='ltr'>in</span> <span class='ocrx_word' id='word_1_237' title='bbox 603 3748 760 3829; x_wconf 69' lang='lat' dir='ltr'>presentis</span> <span class='ocrx_word' id='word_1_238' title='bbox 772 3747 853 3830; x_wconf 92' lang='lat' dir='ltr'>quod</span> <span class='ocrx_word' id='word_1_239' title='bbox 866 3748 956 3810; x_wconf 85' lang='lat' dir='ltr'>vultis</span> <span class='ocrx_word' id='word_1_240' title='bbox 968 3749 1135 3821; x_wconf 78' lang='lat' dir='ltr'>obtinentis,</span> <span class='ocrx_word' id='word_1_241' title='bbox 1148 3770 1215 3810; x_wconf 86' lang='lat' dir='ltr'>meo</span> <span class='ocrx_word' id='word_1_242' title='bbox 1231 3752 1381 3811; x_wconf 80' lang='lat' dir='ltr'>sententie</span> <span class='ocrx_word' id='word_1_243' title='bbox 1391 3771 1440 3812; x_wconf 83' lang='lat' dir='ltr'>res</span> <span class='ocrx_word' id='word_1_244' title='bbox 1456 3773 1516 3813; x_wconf 90' lang='lat' dir='ltr'>non</span> 
     </span>
     <span class='ocr_line' id='line_1_33' title="bbox 560 3845 1518 3928; baseline 0.008 -22"><span class='ocrx_word' id='word_1_245' title='bbox 560 3845 681 3925; x_wconf 77' lang='lat' dir='ltr'>indiget.</span> <span class='ocrx_word' id='word_1_246' title='bbox 724 3845 809 3907; x_wconf 82' lang='lat' dir='ltr'>Nem</span> <span class='ocrx_word' id='word_1_247' title='bbox 822 3847 1003 3910; x_wconf 73' lang='lat' dir='ltr'>acerbissimi</span> <span class='ocrx_word' id='word_1_248' title='bbox 1016 3848 1107 3928; x_wconf 83' lang='lat' dir='ltr'>poulo</span> <span class='ocrx_word' id='word_1_249' title='bbox 1119 3859 1189 3909; x_wconf 84' lang='lat' dir='ltr'>ente</span> <span class='ocrx_word' id='word_1_250' title='bbox 1199 3849 1313 3910; x_wconf 89' lang='lat' dir='ltr'>inimici</span> <span class='ocrx_word' id='word_1_251' title='bbox 1323 3851 1426 3921; x_wconf 77' lang='grc' dir='ltr'>ιαιιιί,</span> <span class='ocrx_word' id='word_1_252' title='bbox 1436 3849 1518 3914; x_wconf 83' lang='lat' dir='ltr'>ultro</span> 
     </span>
     <span class='ocr_line' id='line_1_34' title="bbox 558 3941 1516 4025; baseline 0.007 -22"><span class='ocrx_word' id='word_1_253' title='bbox 558 3944 644 4003; x_wconf 88' lang='lat' dir='ltr'>robis</span> <span class='ocrx_word' id='word_1_254' title='bbox 660 3941 785 4004; x_wconf 88' lang='lat' dir='ltr'>reditum</span> <span class='ocrx_word' id='word_1_255' title='bbox 804 3945 835 4004; x_wconf 88' lang='lat' dir='ltr'>in</span> <span class='ocrx_word' id='word_1_256' title='bbox 856 3945 994 4025; x_wconf 77' lang='lat' dir='ltr'>petriam,</span> <span class='ocrx_word' id='word_1_257' title='bbox 1007 3945 1135 4007; x_wconf 87' lang='lat' dir='ltr'>reditum</span> <span class='ocrx_word' id='word_1_258' title='bbox 1155 3945 1194 4006; x_wconf 88' lang='lat' dir='ltr'>sd</span> <span class='ocrx_word' id='word_1_259' title='bbox 1211 3946 1347 4018; x_wconf 90' lang='lat' dir='ltr'>bonores,</span> <span class='ocrx_word' id='word_1_260' title='bbox 1364 3947 1405 4007; x_wconf 83' lang='lat' dir='ltr'>ed</span> <span class='ocrx_word' id='word_1_261' title='bbox 1417 3948 1516 4010; x_wconf 77' lang='lat' dir='ltr'>focul-</span> 
     </span>
    </p>

    <p class='ocr_par' dir='ltr' id='par_1_9' title="bbox 484 4039 1517 4327">
     <span class='ocr_line' id='line_1_35' title="bbox 484 4039 1517 4125; baseline 0.007 -25"><span class='ocrx_word' id='word_1_262' title='bbox 484 4039 486 4046; x_wconf 85' lang='lat'>&#39;</span> <span class='ocrx_word' id='word_1_263' title='bbox 558 4049 647 4112; x_wconf 77' lang='lat' dir='ltr'>tetes,</span> <span class='ocrx_word' id='word_1_264' title='bbox 666 4040 831 4122; x_wconf 86' lang='lat' dir='ltr'>principem</span> <span class='ocrx_word' id='word_1_265' title='bbox 849 4042 878 4101; x_wconf 92' lang='lat' dir='ltr'>in</span> <span class='ocrx_word' id='word_1_266' title='bbox 896 4041 1018 4103; x_wconf 71' lang='lat' dir='ltr'>civitate</span> <span class='ocrx_word' id='word_1_267' title='bbox 1035 4041 1146 4114; x_wconf 88' lang='lat' dir='ltr'>locum,</span> <span class='ocrx_word' id='word_1_268' title='bbox 1164 4043 1266 4122; x_wconf 80' lang='lat' dir='ltr'>legum</span> <span class='ocrx_word' id='word_1_269' title='bbox 1281 4043 1442 4125; x_wconf 88' lang='lat' dir='ltr'>dequibus</span> <span class='ocrx_word' id='word_1_270' title='bbox 1462 4045 1517 4107; x_wconf 91' lang='lat' dir='ltr'>de·</span> 
     </span>
     <span class='ocr_line' id='line_1_36' title="bbox 559 4137 1517 4218; baseline 0.007 -21"><span class='ocrx_word' id='word_1_271' title='bbox 559 4147 703 4198; x_wconf 76' lang='lat' dir='ltr'>certatum</span> <span class='ocrx_word' id='word_1_272' title='bbox 714 4148 759 4198; x_wconf 88' lang='lat' dir='ltr'>est</span> <span class='ocrx_word' id='word_1_273' title='bbox 771 4137 912 4199; x_wconf 83' lang='lat' dir='ltr'>lotionem</span> <span class='ocrx_word' id='word_1_274' title='bbox 923 4149 955 4199; x_wconf 91' lang='lat' dir='ltr'>et</span> <span class='ocrx_word' id='word_1_275' title='bbox 964 4139 1026 4198; x_wconf 83' lang='lat' dir='ltr'>olio</span> <span class='ocrx_word' id='word_1_276' title='bbox 1036 4140 1093 4200; x_wconf 89' lang='lat' dir='ltr'>boc</span> <span class='ocrx_word' id='word_1_277' title='bbox 1104 4160 1195 4218; x_wconf 78' lang='lat' dir='ltr'>genus</span> <span class='ocrx_word' id='word_1_278' title='bbox 1205 4140 1368 4201; x_wconf 70' lang='lat' dir='ltr'>liberaliter</span> <span class='ocrx_word' id='word_1_279' title='bbox 1375 4142 1517 4205; x_wconf 73' lang='lat' dir='ltr'>offerrent.</span> 
     </span>
     <span class='ocr_line' id='line_1_37' title="bbox 561 4233 1516 4327; baseline 0.008 -33"><span class='ocrx_word' id='word_1_280' title='bbox 561 4233 613 4295; x_wconf 84' lang='lat' dir='ltr'>Sin</span> <span class='ocrx_word' id='word_1_281' title='bbox 630 4255 712 4327; x_wconf 75' lang='lat' dir='ltr'>vero,</span> <span class='ocrx_word' id='word_1_282' title='bbox 734 4255 792 4295; x_wconf 88' lang='lat' dir='ltr'>uon</span> <span class='ocrx_word' id='word_1_283' title='bbox 816 4235 889 4316; x_wconf 88' lang='lat' dir='ltr'>quid</span> <span class='ocrx_word' id='word_1_284' title='bbox 903 4235 948 4295; x_wconf 95' lang='lat' dir='ltr'>illi</span> <span class='ocrx_word' id='word_1_285' title='bbox 964 4237 1049 4296; x_wconf 84' lang='lat' dir='ltr'>vobis</span> <span class='ocrx_word' id='word_1_286' title='bbox 1068 4236 1195 4298; x_wconf 81' lang='lat' dir='ltr'>offerunt</span> <span class='ocrx_word' id='word_1_287' title='bbox 1212 4237 1378 4310; x_wconf 79' lang='lat' dir='ltr'>intuemini,</span> <span class='ocrx_word' id='word_1_288' title='bbox 1389 4239 1443 4301; x_wconf 84' lang='lat' dir='ltr'>sed</span> <span class='ocrx_word' id='word_1_289' title='bbox 1458 4242 1516 4302; x_wconf 89' lang='lat' dir='ltr'>boc</span> 
     </span>
    </p>
   </div>
   <div class='ocr_carea' id='block_1_6' title="bbox 802 4450 1269 4515">
    <p class='ocr_par' dir='ltr' id='par_1_10' title="bbox 802 4450 1269 4515">
     <span class='ocr_line' id='line_1_38' title="bbox 802 4450 1269 4515; baseline 0.009 -15"><span class='ocrx_word' id='word_1_290' title='bbox 802 4453 818 4500; x_wconf 85' lang='lat' dir='ltr'>t</span> <span class='ocrx_word' id='word_1_291' title='bbox 837 4450 884 4500; x_wconf 83' lang='lat' dir='ltr'>ills</span> <span class='ocrx_word' id='word_1_292' title='bbox 896 4450 994 4515; x_wconf 71' lang='lat' dir='ltr'>iegitur</span> <span class='ocrx_word' id='word_1_293' title='bbox 1004 4451 1031 4501; x_wconf 90' lang='lat' dir='ltr'>in</span> <span class='ocrx_word' id='word_1_294' title='bbox 1042 4451 1105 4502; x_wconf 86' lang='lat' dir='ltr'>edd.</span> <span class='ocrx_word' id='word_1_295' title='bbox 1116 4458 1179 4502; x_wconf 77' lang='lat' dir='ltr'>unte</span> <span class='ocrx_word' id='word_1_296' title='bbox 1190 4451 1269 4504; x_wconf 84' lang='lat' dir='ltr'>Cres.</span> 
     </span>
    </p>
   </div>
   <div class='ocr_carea' id='block_1_7' title="bbox 0 0 1664 5225">
    <p class='ocr_par' dir='ltr' id='par_1_11' title="bbox 0 0 1664 5225">
     <span class='ocr_line' id='line_1_39' title="bbox 0 0 1664 5225; baseline 0 0"><span class='ocrx_word' id='word_1_297' title='bbox 0 0 1664 5225; x_wconf 95' lang='lat' dir='ltr'> </span> 
     </span>
    </p>
   </div>
  </div>
 </body>
</html>
