3300 5225
383 584 485 635 sirm
512 584 667 636 uxxxv.
689 584 1017 637 surrususuruu.
1166 572 1257 641 40⁷3

134 736 168 787 et
188 728 341 800 Carrinas,
355 736 386 789 et
399 726 512 791 celius
523 748 591 789 cum
608 730 669 789 suis
687 728 812 811 quisque
830 730 925 809 copiis
943 728 1042 790 eidem
1059 748 1092 791 sa
1104 740 1173 791 Plau.

135 823 261 885 divesis
276 830 317 885 ex
336 816 471 907 perum
490 824 672 906 osjmt.
716 824 814 905 uitur
827 826 922 887 ersa
935 825 1093 887 usuris...
1103 806 1192 921 ἧς·

135 921 318 981 exercitibus
328 922 453 993 eluctus,
472 922 503 981 iu
517 920 646 982 Brutum
658 940 773 982 summa
785 922 817 982 ri
830 920 986 983 convertit.
1021 920 1092 983 Pri-

138 1017 178 1076 mi
192 1017 339 1099 utrimque
355 1018 470 1098 equites
484 1026 712 1093 concurrerunt:
727 1037 796 1077 nam
810 1015 966 1077 Gallicum
976 1018 1092 1098 equita·

136 1122 201 1173 tum
214 1112 327 1175 Brutus
336 1113 511 1175 adduxerat.
555 1113 616 1185 Ibi,
626 1122 783 1195 provectus
794 1122 864 1175 aute
876 1114 962 1193 sigua
974 1102 1098 1175 adeles·'

137 1230 220 1283 cens,
243 1212 349 1291 insigni
367 1213 470 1273 robore
492 1208 629 1281 Gallum,
641 1210 694 1292 qui
711 1218 743 1271 et
763 1210 825 1291 ipse
843 1230 882 1271 ex
899 1208 1015 1287 direraa
1028 1212 1093 1273 acie

140 1316 336 1387 procurreret,
351 1306 457 1369 lancea
467 1307 619 1388 dejectum
632 1305 795 1369 interfecit:
810 1306 888 1367 uude
901 1308 989 1367 timor
1000 1306 1093 1367 iaces·

140 1404 179 1463 sit
191 1404 335 1476 hostibus,
350 1412 382 1465 et
397 1424 469 1467 mox
488 1403 578 1484 lugu
599 1420 775 1483 morumque
794 1404 824 1463 in
845 1404 941 1465 aciem
959 1404 1093 1485 impacti,

140 1498 272 1580 peditem
297 1520 417 1583 quoque
441 1501 590 1561 turbatum
615 1508 796 1561 averterunt.
838 1498 892 1561 Sic
916 1499 982 1561 suso
1004 1498 1094 1561 Bruti

140 1598 286 1669 exercitu,
305 1618 374 1659 cum
397 1598 473 1660 iuter
494 1596 624 1679 reliquos
644 1596 736 1658 duces
751 1604 817 1657 orta
839 1596 988 1658 d'ucordia
1006 1605 1093 1669 esset,
1107 1597 1185 1649 Diod.

140 1696 218 1757 alius
238 1696 300 1757 alic
319 1704 418 1757 casua
443 1704 607 1757 moverunt.
650 1694 816 1775 Pompeius
831 1694 946 1777 oppida
964 1693 1094 1757 discessu
1106 1663 1174 1715 Ptat.

140 1812 244 1855 eorum
257 1792 401 1875 presidiis
413 1792 536 1865 nudata,
550 1792 703 1853 voluntate
716 1790 880 1854 incolarum
891 1792 1013 1873 recepit.

184 1897 234 1953 15.
257 1890 333 1953 Mox
345 1890 448 1973 Scipio
460 1890 563 1955 consul
578 1909 646 1958 cum
665 1889 796 1951 exercitu
810 1886 949 1960 cucurrit,
962 1909 1021 1950 uon
1033 1908 1096 1949 me·
1107 1891 1193 1942 low·

142 1985 215 2047 licre
235 2006 325 2068 quam
353 1996 443 2049 antea
463 1996 568 2049 contra
589 1984 705 2069 Syllam
722 1995 841 2047 eventu.
884 1984 969 2046 Nam
988 1984 1098 2047 milites
1108 1956 1175 2007 Μ’

142 2086 210 2163 ejus
223 2084 401 2166 simulatque
421 2084 625 2167 Pompeianos
644 2084 806 2164 conspicati
824 2090 905 2153 suut,
919 2082 1096 2143 salutatione

144 2178 227 2241 lacta
239 2179 279 2240 ad
292 2180 360 2243 illua
372 2182 560 2243 mausieruut.
602 2178 760 2241 Postrema
776 2198 845 2239 cum
861 2177 1000 2239 Carbone
1014 2176 1098 2238 lucta
1117 2184 1260 2239 'cicula-l.

143 2275 211 2349 furt,
225 2275 264 2336 rs
278 2275 609 2339 miscuerimus
620 2276 754 2357 equitum
769 2275 835 2335 ιιι.
845 2275 1014 2355 objiciente.
1035 2271 1098 2333 ser
1110 2253 1261 2369 3323·

145 2372 196 2434 ille
213 2374 244 2435 in
265 2376 332 2437 loca
352 2376 454 2456 iniqua
469 2374 613 2447 detrusos,
630 2392 697 2435 cum
710 2371 857 2435 evadendi
875 2374 926 2434 ria
938 2391 997 2431 cca
1010 2380 1098 2441 esset,
1111 2383 1177 2435 Ptat.

145 2492 214 2533 cum
229 2474 317 2533 armis
329 2474 471 2555 aquisque
484 2475 514 2533 iu
527 2471 709 2533 deditionem
720 2470 847 2550 accepit.

189 2576 237 2632 16.
260 2570 387 2651 Ignarus
406 2572 509 2634 borum
531 2568 631 2652 Sylla,
650 2569 701 2651 qui
720 2566 866 2630 nihildum
884 2565 967 2628 aliud
985 2566 1040 2628 uisi
1060 2565 1099 2628 de

146 2667 248 2747 primis
260 2667 402 2750 Pompeii
414 2668 568 2730 conatibus
581 2666 727 2738 audierat,
740 2675 771 2726 et
781 2665 818 2726 de
832 2663 1019 2726 adolescente
1028 2663 1099 2726 soli·

146 2765 234 2836 citus,
247 2785 285 2826 ne
298 2786 349 2847 per
362 2775 408 2827 tot
420 2766 549 2828 bostium
566 2765 715 2826 exercitus
732 2781 919 2844 perrumpere
933 2765 1014 2822 ιιοιις
1033 2777 1100 2842 pos·
1139 2835 1144 2845 .

147 2871 203 2933 set,
217 2864 248 2922 iu
261 2883 413 2924 occanum
426 2865 491 2944 ejus
502 2861 673 2944 expeditam
686 2881 806 2922 manum
818 2859 918 2921 duxit.
961 2858 1036 2920 Hoc
1048 2858 1100 2918 ubi

148 2960 297 3042 Pompeio
316 2971 511 3043 compertum,
527 2979 623 3041 neque
637 2957 723 3038 louge
737 2949 839 3018 abee'se
856 2955 986 3038 Syllam,
1004 2954 1101 3016 ornari

148 3059 243 3137 signa,
256 3059 364 3122 mmari
381 3057 568 3138 ordinarique
581 3057 744 3118 exercitum
756 3055 857 3135 jussit,
871 3063 906 3115 ut
917 3053 1103 3135 imperatoris

148 3154 242 3215 oculis
259 3173 350 3234 quam
369 3152 595 3236 pulcherrimum
613 3153 742 3234 speeiem
755 3152 929 3232 objicerent.
973 3149 1103 3229 Magnos

148 3251 228 3312 erim
249 3251 342 3312 abeo
364 3251 498 3322 honores,
520 3267 575 3312 nec
595 3249 738 3310 immerito
760 3250 917 3330 sperabat:
930 3265 982 3330 spe
1001 3256 1101 3308 umen

149 3348 278 3426 majores
298 3357 450 3410 assecutus
471 3356 527 3408 est.
869 3408 876 3426 ‚

189 3449 242 3507 17.
264 3442 362 3516 Nam,
375 3453 409 3505 ut
420 3463 488 3504 eum
502 3443 642 3504 accedere
661 3441 700 3503 ad
714 3461 745 3502 se
762 3441 861 3524 Sylla,
883 3440 1030 3521 simulque
1043 3449 1103 3500 tres

150 3541 277 3623 aquilas,
289 3550 321 3603 et
333 3543 482 3622 egregiam
494 3541 550 3600 sub
562 3541 653 3620 signis
660 3541 860 3619 juventutem,
872 3557 1027 3617 rerumque
1036 3557 1101 3616 ges·

149 3648 247 3700 tarum
268 3639 449 3702 comcientia
469 3639 598 3700 alacrem
619 3637 746 3718 aspexit,
760 3635 874 3697 desiliit
889 3655 929 3696 ex
946 3654 1036 3714 equo,
1049 3653 1102 3715 ap·
1113 3645 1198 3695 zone.

151 3737 348 3817 pellaturque,
363 3745 396 3797 ut
409 3757 463 3819 par
476 3743 551 3807 erat,
563 3755 585 3796 a
599 3733 748 3815 Pompeio
762 3732 962 3814 ‘imperat0r,'
974 3731 1103 3792 vicissim
1115 3742 1183 3793 Plau

151 3833 398 3913 ‘imperatorem’
420 3832 504 3893 illum
524 3831 683 3894 salutavit:
707 3830 833 3892 multum
847 3828 1032 3898 mirantibus,
1051 3826 1104 3906 qui

151 3931 278 3990 nominis
296 3930 385 4011 hujus
403 3929 543 3990 bonorem
563 3926 745 3990 adolescenti
767 3927 908 3988 tributum
928 3924 964 3984 iri
983 3923 1104 3982 minime

151 4035 359 4108 expectassent
371 4027 411 4088 ab
424 4045 461 4087 ec
474 4023 574 4106 Sylla,
587 4025 639 4105 qui
652 4023 690 4084 de
708 4025 765 4085 istc
784 4042 852 4084 cum
871 4019 1062 4102 Scipionibus
1073 4027 1105 4078 et

154 4123 261 4184 Mariis
272 4124 436 4186 dimicaret.
480 4122 590 4184 Cetera
603 4140 720 4202 quoque
734 4119 774 4181 ad
784 4118 910 4181 eandem
919 4117 1044 4178 formam
1053 4133 1104 4176 cc-

153 4223 263 4284 mitat'u
275 4221 366 4284 luere.
408 4220 558 4300 Pompeio
566 4218 697 4283 venienti
710 4235 860 4296 assurgere
870 4215 909 4276 de
918 4212 1004 4286 sella,
1014 4221 1108 4298 caput¹
1118 4204 1193 4337 'squ
1201 4218 1267 4270 ssiat.

360 4440 375 4484 t
391 4433 492 4487 Aberat
503 4433 533 4486 rt
543 4451 590 4486 m
601 4435 635 4488 ab
651 4433 712 4487 edd.
726 4441 788 4485 aute
799 4432 879 4483 Cret.
