3300 5225
309 644 314 653 .
390 580 1010 669 urnnrnovrrrssorennrrurrrurr.
1170 602 1261 669 4869

181 760 233 821 rc.
256 754 343 817 urso
357 756 400 817 ne
419 730 521 839 lupa,
544 755 655 829 oum,
669 758 722 839 qo
738 758 779 819 u·
794 776 895 821 mn
910 760 1095 840 mam
1108 769 1209 838 neon

137 872 209 915 cum
221 856 338 927 ceteris,
352 853 412 916 lide
429 864 565 937 accepts,
578 856 608 915 in
621 864 798 937 potestatem
809 857 903 929 venit,
915 859 1095 939 comitesque
1108 838 1243 953 &M

138 958 186 1013 est
198 951 237 1011 ab
250 952 425 1033 imperatore
445 952 575 1014 habitus.
617 950 744 1033 Diversa
756 950 941 1039 Cellimoobi
951 974 1015 1015 sors
1025 954 1095 1029 tuit,

138 1068 242 1129 quem,
263 1048 336 1109 licet
353 1049 500 1113 maximos
521 1050 673 1111 thesauros
692 1049 883 1111 absconditos
898 1050 1095 1113 indicaturum

138 1146 337 1227 promitteret,
360 1146 555 1227 compedibus
571 1147 676 1208 viceni
693 1146 796 1227 jussit,
819 1166 924 1229 poenss
944 1148 1094 1225 damnum,

138 1243 222 1325 quod
234 1242 392 1325 desperata
405 1244 505 1304 Amisi
524 1241 694 1305 defensione
707 1244 825 1324 fugiens
836 1244 980 1327 oppidum
994 1248 1095 1311 incon.

136 1340 242 1403 disset
281 1340 380 1403 Tanta
391 1338 538 1405 lelicitsts
550 1350 640 1423 capta
653 1340 783 1415 Nisibis,
800 1361 861 1407 non
871 1340 968 1404 solum
980 1346 1096 1426 mugnis

136 1438 246 1520 opibus
262 1436 371 1501 ditavit
389 1441 609 1521 imperatorem,
627 1438 680 1501 sed
693 1440 785 1501 etiam
797 1438 931 1519 fatigetis
947 1440 1050 1505 labore
1062 1452 1095 1505 et

134 1532 245 1615 {rigore
257 1536 353 1618 copiis
363 1536 616 1599 abundentissims
627 1537 761 1619 hyberos
773 1538 911 1619 praebuit.
1104 1540 1165 1596 Dio.

177 1638 229 1693 80.
251 1632 333 1695 Dum
350 1636 382 1695 in
396 1634 542 1697 Armenio
555 1634 591 1697 L.
606 1634 749 1697 Lucullus
761 1634 981 1707 Mithridatem,
998 1642 1032 1696 et
1041 1634 1095 1697 Ti·

134 1748 269 1809 grauem,
282 1741 315 1792 et
325 1732 483 1794 immensas
496 1732 648 1813 utriusque
666 1732 743 1813 regis
754 1733 859 1815 copias
869 1733 1006 1815 pluribus
1016 1752 1094 1813 prte-

133 1827 186 1889 liis
198 1827 317 1899 fundit}
340 1828 383 1895 Q.
406 1829 551 1891 Caecilius
572 1829 716 1891 Metellns
735 1831 894 1912 promunt
909 1850 978 1892 cnm
1000 1832 1095 1893 tribus
1105 1830 1236 1947 fflllrst·

133 1926 302 2007 legionibus
314 1929 344 1989 in
359 1928 481 1989 Cretam
494 1939 539 1989 est
550 1938 715 2011 provectus.
750 1929 918 2002 cretenses,
932 1930 1013 1991 ricto
1024 1929 1094 1991 An·
1122 1912 1225 2011 Buff

130 2024 228 2096 tonis,
252 2023 367 2104 legatos
388 2024 521 2087 Romem
541 2026 693 2099 miserant,
707 2046 816 2106 magna
836 2046 890 2109 spe
902 2026 977 2099 lora,
988 2036 1022 2088 ut
1034 2048 1093 2089 non
1105 1997 1235 2141 offilo

133 2122 267 2202 antiquis
286 2122 376 2184 modo
397 2122 515 2204 legibus
536 2124 670 2185 arnicitis
691 2124 887 2204 redintegrari
907 2132 1018 2206 posset,
1039 2124 1093 2185 sed
1104 2124 1249 2221 Appadet

131 2218 225 2279 etiem
246 2218 325 2281 ultro
338 2220 461 2302 aliquod
481 2219 658 2283 beneficium
676 2222 864 2302 adjiceretur,
883 2221 924 2283 ob
943 2230 1091 2283 somnum
1105 2219 1209 2337 Βῐοηῧ

130 2316 258 2377 comiter
270 2327 447 2399 qumstorem
467 2319 637 2401 militesque
658 2318 824 2391 Ronmos,
838 2320 891 2399 qui
911 2319 942 2379 in
961 2326 1092 2401 potestt-
1103 2285 1175 2401 w
1208 2302 1234 2336 ι’

131 2420 196 2473 tem
205 2410 323 2475 illoruni
336 2425 539 2497 pervenerant.
580 2416 679 2499 Atqui
692 2416 773 2499 apud
786 2414 944 2478 Romanos
952 2416 1021 2498 plus
1033 2417 1092 2477 irs-

131 2530 200 2573 rum
213 2521 290 2584 erat,
303 2512 384 2594 quod
399 2512 629 2577 Cretensesnon
641 2523 740 2576 essent
751 2513 858 2593 dediti,
875 2534 967 2595 quem
979 2514 1093 2595 gratim,

131 2608 217 2690 qnod
229 2607 339 2672 deditis
351 2610 558 2693 pepercissent.
1111 2655 1114 2662 -

174 2713 226 2767 81.
248 2705 357 2768 Nihilo
370 2717 471 2768 temus
490 2708 587 2769 secius
607 2703 699 2786 legati
721 2708 858 2786 (triginta
876 2727 915 2768 ex
928 2706 1094 2768 senioribus

129 2801 213 2862 missi
226 2803 374 2885 principes
382 2807 480 2884 erant)
488 2801 627 2866 obeundo
636 2803 790 2882 sigillatim
797 2813 967 2864 senatorum
976 2803 1092 2877 domos,

128 2897 309 2980 blandisque
321 2901 503 2961 sermonibus
516 2898 637 2971 utendo,
653 2909 768 2982 partem
787 2909 905 2981 patrum
922 2901 954 2960 io
971 2907 1092 2960 senun-

88 3060 94 3070 ,
127 2995 206 3056 tiam
229 3017 314 3058 suam
335 3005 499 3059 nexorum.
541 2997 581 3058 In
608 2996 733 3058 Curium
754 2997 897 3078 deinceps
918 2995 1091 3068 introducti,

127 3103 200 3156 c'um
214 3103 283 3176 apte
297 3093 434 3180 refutetis
445 3095 628 3167 criminibus,
643 3115 732 3176 quem
747 3095 837 3155 enixe
849 3093 988 3154 omnibus
999 3091 1091 3152 bellis

127 3191 234 3274 populi
247 3191 381 3252 Romani
393 3191 583 3273 imperotores
593 3191 787 3274 adjuvissent,
800 3201 985 3274 exponerent
992 3211 1003 3260 3
1024 3210 1090 3252 mo·

127 3297 180 3349 tus
204 3298 251 3350 est
270 3299 400 3361 mustus,
421 3298 456 3350 ut
477 3298 487 3327 ⁴
512 3289 616 3372 populi
639 3287 773 3351 Romani
796 3291 895 3351 socios
918 3288 1089 3370 amicosque

129 3385 291 3448 Cretenses
302 3383 498 3468 appellandos
510 3407 573 3448 esse
584 3387 593 3416 ’
605 3397 749 3450 censeret.

171 3489 222 3544 Βῆ.
244 3483 284 3542 Εἰ
295 3483 551 3547 senatusconsulto
569 3483 612 3544 P.
626 3483 769 3544 Lentulus
787 3480 929 3564 Spiutlrer
948 3482 1089 3542 interces-

126 3580 181 3651 sit,
203 3581 463 3664 annitentibusque
488 3581 556 3642 aliis
577 3581 783 3643 inclementius
803 3577 1088 3640 senatusconsultum

125 3675 316 3738 laconmest:
337 3679 448 3760 captivi
458 3697 560 3740 omnes
568 3679 788 3760 uanslugaeqne
795 3676 931 3759 repetiti:
953 3676 1087 3757 pecuniae

125 3773 244 3835 talentu
263 3785 389 3855 quatuor
404 3775 526 3848 millis‚'
540 3785 572 3838 et
583 3779 707 3839 trecenti
722 3779 843 3858 iusuper
854 3773 973 3835 obsides
985 3779 1086 3853 posttr-

126 3870 203 3934 leti:
234 3873 413 3954 nariumque
438 3875 585 3954 majorum
607 3893 703 3955 usqne
726 3872 767 3934 ud
793 3880 922 3954 quetuor
946 3865 1192 3938 scalmosffitlb·

127 3967 345 4051 Iastbenisque
357 3979 389 4030 et
406 3971 539 4037 Psnaris
556 3971 702 4052 imperata
717 3970 843 4032 deditio.
885 3966 957 4028 Nec
972 3982 1085 4046 expec-

124 4073 225 4126 tatum
237 4066 334 4129 donec
345 4087 465 4129 snorum
478 4067 653 4130 sententiam
665 4067 757 4155 legati
768 4065 969 4148 exquirerent,
982 4061 1084 4122 alteri·

126 4183 189 4244 qne
201 4159 355 4227 consulum
368 4185 405 4226 ea
417 4165 541 4228 decreta
547 4167 700 4247 provincie
711 4175 768 4237 est,
778 4175 813 4224 ut
819 4165 907 4244 jussa
915 4165 1088 4221 recusantes

125 4261 159 4322 vi
173 4259 214 4321 ud
226 4261 402 4344 obsequium
414 4271 542 4343 cogeret.
572 4259 672 4322 Simul
681 4263 753 4344 quia
764 4281 823 4322 nou
836 4259 993 4321 obscuretur
1006 4263 1084 4329 eret.

123 4444 326 4563 mmmm
341 4448 434 4499 tutent·
452 4451 555 4511 quum
573 4445 663 4512 edlu]
695 4445 795 4498 Muros
815 4441 921 4510 argenti
950 4442 1082 4492 muna
