3300 5225
492 992 1411 1163 SUPPLE-MENTUM

402 2414 494 2465 Aaron.
505 2415 531 2464 iu

385 2480 428 2528 Or.
442 2497 483 2543 pro
494 2480 526 2531 C.

387 2545 460 2595 Corn.

774 1328 915 1397 LIBRI
952 1326 1141 1393 LXXIII.

647 1623 651 1631 ’
726 1594 1168 1673 HISTORIARUM

566 1862 627 1951 r.
680 1862 886 1952 Lrvrr
936 1854 1330 1947 Purnvrnr.

791 2175 1108 2245 ...q-¹

549 2432 579 2486 1.
600 2400 787 2497 Iuranun,
800 2445 869 2486 cum
889 2426 972 2485 inter
982 2426 1100 2485 crebras
1120 2424 1295 2487 Italicorum
1312 2423 1504 2495 defectiones,

549 2524 640 2585 etiam
653 2523 734 2584 domi
746 2524 845 2584 omnia
858 2522 1074 2603 suspicionibus
1086 2531 1117 2582 et
1131 2542 1252 2583 moerore
1266 2522 1382 2583 solicita
1394 2531 1505 2591 esseut,

520 2684 529 2692 ,
549 2633 763 2704 appareretque
782 2623 848 2702 lege
862 2621 960 2683 Varia
973 2622 1074 2683 multis
1092 2621 1295 2682 innocentibus
1312 2630 1446 2682 extrema
1459 2622 1506 2682 in·

548 2719 631 2780 teudi
644 2720 790 2801 pericula,
807 2719 942 2781 decrevit
954 2728 1084 2792 anctus,
1107 2727 1162 2779 ‘ue
1169 2718 1296 2798 judicio,
1309 2718 1380 2778 dum
1393 2716 1504 2779 tumul-

439 2826 451 2878 '.
548 2827 597 2879 tus
619 2816 748 2878 Italicus
765 2825 854 2888 earet,
873 2816 1101 2878 exercerentur!
1142 2815 1229 2877 Huic
1251 2817 1506 2877 senatusconsulto

549 2916 660 2976 tribuni
673 2913 768 2997 plebis
776 2913 1008 2976 intercedebant.
1031 2913 1149 2974 Idcirco
1163 2914 1193 2974 in
1203 2915 1392 2976 concionibus
1401 2913 1506 2996 popuii

546 3011 715 3094 frequenter
727 3013 841 3092 agitata
853 3033 900 3072 res
911 3020 967 3084 est,
982 3012 1121 3073 atrociter
1141 3013 1169 3071 io
1186 3023 1320 3073 senatum
1340 3011 1504 3072 invehenti-

548 3111 605 3171 bus
614 3110 750 3170 tribunis.

577 3216 610 3271 2.
629 3208 805 3276 ‘Quorsum
824 3206 925 3280 enim,'
947 3207 1078 3279 aiebant,
1093 3208 1241 3287 ‘legiones
1256 3207 1506 3289 imperatoresque

548 3305 709 3366 rebellibus
723 3304 883 3386 opponitis,
899 3305 935 3375 si,
949 3303 1029 3385 quod
1049 3302 1137 3384 longe
1155 3306 1252 3384 majus
1268 3312 1314 3364 est
1328 3305 1504 3387 periculum,

547 3402 700 3462 dominon
713 3422 777 3461 esse
791 3401 880 3462 modo
894 3401 1025 3462 fautores
1041 3401 1181 3474 hostium,
1195 3401 1247 3462 sed
1266 3403 1356 3462 etiam
1378 3423 1505 3483 praeesse

548 3498 695 3581 patimini,
709 3497 866 3564 Quirites?
901 3496 933 3558 N
938 3518 986 3558 am
999 3508 1152 3559 externam
1166 3501 1228 3560 vim
1237 3499 1312 3559 iorte
1322 3499 1386 3579 pari
1399 3501 1505 3560 robore

548 3616 607 3656 uon
630 3615 708 3674 agre
726 3615 845 3668 caveus,
863 3603 916 3655 aut
935 3595 1072 3677 repellas.
1113 3595 1255 3677 Aequod
1274 3599 1304 3656 iu
1325 3599 1396 3680 ipsis
1418 3599 1505 3677 quasi

547 3693 710 3753 visceribus
724 3714 870 3755 venenum
884 3693 969 3766 latet,
991 3693 1021 3754 id
1043 3695 1099 3754 nisi
1117 3704 1231 3756 mature
1249 3695 1383 3775 ejeceris,
1397 3694 1506 3756 frustra

549 3790 705 3871 postmodo
716 3791 869 3852 invocabis
888 3791 988 3852 Deos:
1010 3793 1074 3852 siue
1088 3791 1230 3878 remedio,
1247 3793 1309 3852 sine
1324 3813 1375 3874 spe
1388 3793 1505 3865 salutis,

548 3887 588 3947 ad
599 3897 765 3949 extremam
778 3909 871 3969 usque
886 3891 1045 3971 perniciem
1056 3891 1245 3969 grassabitur.
1287 3889 1371 3957 Quid
1384 3899 1506 3951 senatus

548 3985 735 4067 populusque
762 3986 920 4048 Romanus
940 3988 970 4046 in
993 3989 1077 4060 urbe,
1098 3987 1171 4068 quid
1192 3987 1327 4048 consules
1347 3989 1376 4048 iu
1400 3989 1506 4048 castris

547 4083 671 4161 egerint,
691 4085 780 4145 immo
792 4084 865 4167 quid
879 4087 974 4146 acturi
987 4086 1055 4157 sint,
1068 4087 1157 4146 citius
1165 4086 1332 4166 certiusqne
1352 4084 1392 4146 ad
1404 4085 1507 4146 hostes

547 4200 639 4259 quam
657 4181 696 4241 ad
716 4183 798 4243 cives
815 4183 975 4264 perfertur..
1011 4184 1083 4250 Qua
1100 4182 1208 4244 deinde
1226 4204 1278 4264 spe
1292 4203 1425 4263 geremus
1438 4183 1505 4246 bel-

487 4283 491 4290 “
547 4276 622 4350 lum,
633 4278 658 4338 si
672 4279 838 4360 proditores
851 4281 1038 4340 consiliorum
1050 4281 1205 4353 babemus,
1219 4302 1294 4362 quos
1306 4282 1417 4342 babere
1432 4302 1506 4343 auc·

547 4380 627 4435 tores
639 4375 806 4449 debuimus,
817 4378 951 4438 conscios
965 4379 1058 4450 vitare
1072 4398 1130 4438 uon
1143 4379 1321 4460 possumus?

588 4477 619 4534 3.
639 4479 649 4509 ⁴
662 4470 771 4555 Nuper
779 4493 799 4534 a
807 4473 849 4537 P.
864 4473 984 4536 Rutilio
999 4475 1119 4538 consule
1129 4483 1197 4537 sunt
1210 4475 1311 4538 allatae
1322 4475 1415 4538 literae
1427 4498 1435 4540 r
1447 4478 1503 4540 riri
