<?xml version="1.0" encoding="UTF-8"?>
<!DOCTYPE html PUBLIC "-//W3C//DTD XHTML 1.0 Transitional//EN"
    "http://www.w3.org/TR/xhtml1/DTD/xhtml1-transitional.dtd">
<html xmlns="http://www.w3.org/1999/xhtml" xml:lang="en" lang="en">
 <head>
  <title>
</title>
<meta http-equiv="Content-Type" content="text/html;charset=utf-8" />
  <meta name='ocr-system' content='tesseract 3.04.00' />
  <meta name='ocr-capabilities' content='ocr_page ocr_carea ocr_par ocr_line ocrx_word'/>
</head>
<body>
  <div class='ocr_page' id='page_1' title='image "./tliviipatavinih01rupegoog_0255.png"; bbox 0 0 3300 5225; ppageno 0'>
   <div class='ocr_carea' id='block_1_1' title="bbox 375 597 1255 671">
    <p class='ocr_par' dir='ltr' id='par_1_1' title="bbox 375 597 1255 671">
     <span class='ocr_line' id='line_1_1' title="bbox 375 597 1255 671; baseline 0.008 -11"><span class='ocrx_word' id='word_1_1' title='bbox 375 610 479 660; x_wconf 78' lang='lat' dir='ltr'><strong>urani</strong></span> <span class='ocrx_word' id='word_1_2' title='bbox 505 610 677 662; x_wconf 74' lang='lat' dir='ltr'><strong>cxxxvi.</strong></span> <span class='ocrx_word' id='word_1_3' title='bbox 699 611 1027 670; x_wconf 80' lang='lat' dir='ltr'><strong>surrununuruu·</strong></span> <span class='ocrx_word' id='word_1_4' title='bbox 1165 597 1255 671; x_wconf 79' lang='lat' dir='ltr'><strong>tosa</strong></span> 
     </span>
    </p>
   </div>
   <div class='ocr_carea' id='block_1_2' title="bbox 139 749 1257 1514">
    <p class='ocr_par' dir='ltr' id='par_1_2' title="bbox 139 749 1134 1220">
     <span class='ocr_line' id='line_1_2' title="bbox 182 749 1092 832; baseline 0.004 -22"><span class='ocrx_word' id='word_1_5' title='bbox 182 757 233 832; x_wconf 74' lang='grc' dir='ltr'><strong>ψ.</strong></span> <span class='ocrx_word' id='word_1_6' title='bbox 257 749 296 811; x_wconf 88' lang='lat' dir='ltr'><strong>Id</strong></span> <span class='ocrx_word' id='word_1_7' title='bbox 313 769 429 812; x_wconf 84' lang='lat' dir='ltr'><strong>sacrum</strong></span> <span class='ocrx_word' id='word_1_8' title='bbox 443 749 611 812; x_wconf 82' lang='lat' dir='ltr'><strong>Persarum</strong></span> <span class='ocrx_word' id='word_1_9' title='bbox 630 751 703 812; x_wconf 86' lang='lat' dir='ltr'><strong>olim</strong></span> <span class='ocrx_word' id='word_1_10' title='bbox 718 772 800 831; x_wconf 75' lang='lat' dir='ltr'><strong>reges</strong></span> <span class='ocrx_word' id='word_1_11' title='bbox 813 751 966 820; x_wconf 71' lang='lat' dir='ltr'><strong>taciabmt</strong></span> <span class='ocrx_word' id='word_1_12' title='bbox 979 754 1092 815; x_wconf 84' lang='lat' dir='ltr'><strong>Pasar-</strong></span> 
     </span>
     <span class='ocr_line' id='line_1_3' title="bbox 141 846 1092 931; baseline 0.004 -23"><span class='ocrx_word' id='word_1_13' title='bbox 141 846 234 928; x_wconf 81' lang='lat' dir='ltr'><strong>gadis.</strong></span> <span class='ocrx_word' id='word_1_14' title='bbox 277 847 354 910; x_wconf 92' lang='lat' dir='ltr'><strong>Inde</strong></span> <span class='ocrx_word' id='word_1_15' title='bbox 366 848 482 910; x_wconf 76' lang='lat' dir='ltr'><strong>uamiit</strong></span> <span class='ocrx_word' id='word_1_16' title='bbox 493 848 532 909; x_wconf 86' lang='lat' dir='ltr'><strong>ad</strong></span> <span class='ocrx_word' id='word_1_17' title='bbox 547 849 694 910; x_wconf 86' lang='lat' dir='ltr'><strong>Ponticos</strong></span> <span class='ocrx_word' id='word_1_18' title='bbox 713 851 795 910; x_wconf 85' lang='lat' dir='ltr'><strong>velut</strong></span> <span class='ocrx_word' id='word_1_19' title='bbox 812 851 998 912; x_wconf 70' lang='lat' dir='ltr'><strong>haereditario</strong></span> <span class='ocrx_word' id='word_1_20' title='bbox 1011 853 1092 931; x_wconf 86' lang='lat' dir='ltr'><strong>jure,</strong></span> 
     </span>
     <span class='ocr_line' id='line_1_4' title="bbox 139 945 1094 1026; baseline 0.004 -20"><span class='ocrx_word' id='word_1_21' title='bbox 139 947 222 1026; x_wconf 82' lang='lat' dir='ltr'><strong>quod</strong></span> <span class='ocrx_word' id='word_1_22' title='bbox 235 947 258 1006; x_wconf 91' lang='lat' dir='ltr'><strong>ii</strong></span> <span class='ocrx_word' id='word_1_23' title='bbox 270 965 375 1026; x_wconf 84' lang='lat' dir='ltr'><strong>genere</strong></span> <span class='ocrx_word' id='word_1_24' title='bbox 397 945 559 1007; x_wconf 88' lang='lat' dir='ltr'><strong>Persarum</strong></span> <span class='ocrx_word' id='word_1_25' title='bbox 579 965 681 1025; x_wconf 86' lang='lat' dir='ltr'><strong>regum</strong></span> <span class='ocrx_word' id='word_1_26' title='bbox 700 956 784 1008; x_wconf 82' lang='lat' dir='ltr'><strong>eraut</strong></span> <span class='ocrx_word' id='word_1_27' title='bbox 807 948 890 1010; x_wconf 82' lang='lat' dir='ltr'><strong>edih&#39;.</strong></span> <span class='ocrx_word' id='word_1_28' title='bbox 932 948 1003 1010; x_wconf 89' lang='lat' dir='ltr'><strong>Nee</strong></span> <span class='ocrx_word' id='word_1_29' title='bbox 1020 949 1094 1010; x_wconf 85' lang='lat' dir='ltr'><strong>alie·</strong></span> 
     </span>
     <span class='ocr_line' id='line_1_5' title="bbox 140 1043 1094 1128; baseline 0.004 -24"><span class='ocrx_word' id='word_1_30' title='bbox 140 1059 211 1112; x_wconf 84' lang='lat' dir='ltr'><strong>num</strong></span> <span class='ocrx_word' id='word_1_31' title='bbox 224 1053 280 1116; x_wconf 87' lang='lat' dir='ltr'><strong>est,</strong></span> <span class='ocrx_word' id='word_1_32' title='bbox 293 1046 353 1126; x_wconf 88' lang='lat' dir='ltr'><strong>quo</strong></span> <span class='ocrx_word' id='word_1_33' title='bbox 369 1043 555 1105; x_wconf 85' lang='lat' dir='ltr'><strong>Mithridatis</strong></span> <span class='ocrx_word' id='word_1_34' title='bbox 571 1044 713 1105; x_wconf 80' lang='lat' dir='ltr'><strong>nobilitas</strong></span> <span class='ocrx_word' id='word_1_35' title='bbox 731 1057 763 1106; x_wconf 91' lang='lat' dir='ltr'><strong>et</strong></span> <span class='ocrx_word' id='word_1_36' title='bbox 778 1066 846 1127; x_wconf 87' lang='lat' dir='ltr'><strong>pars</strong></span> <span class='ocrx_word' id='word_1_37' title='bbox 866 1049 1011 1126; x_wconf 88' lang='lat' dir='ltr'><strong>majorum</strong></span> <span class='ocrx_word' id='word_1_38' title='bbox 1022 1051 1094 1128; x_wconf 80' lang='lat' dir='ltr'><strong>co&#39;g·</strong></span> 
     </span>
     <span class='ocr_line' id='line_1_6' title="bbox 140 1138 1134 1220; baseline 0.004 -18"><span class='ocrx_word' id='word_1_39' title='bbox 140 1150 291 1213; x_wconf 67' lang='lat' dir='ltr'><strong>uowahu,</strong></span> <span class='ocrx_word' id='word_1_40' title='bbox 304 1143 423 1202; x_wconf 81' lang='lat' dir='ltr'><strong>brevem</strong></span> <span class='ocrx_word' id='word_1_41' title='bbox 434 1141 529 1220; x_wconf 85' lang='lat' dir='ltr'><strong>gentis</strong></span> <span class='ocrx_word' id='word_1_42' title='bbox 540 1143 606 1220; x_wconf 81' lang='lat' dir='ltr'><strong>ejus</strong></span> <span class='ocrx_word' id='word_1_43' title='bbox 617 1143 815 1202; x_wconf 85' lang='lat' dir='ltr'><strong>recensionem</strong></span> <span class='ocrx_word' id='word_1_44' title='bbox 828 1145 1012 1205; x_wconf 75' lang='lat' dir='ltr'>subnectere.</span> <span class='ocrx_word' id='word_1_45' title='bbox 1128 1138 1134 1149; x_wconf 73' lang='grc'><strong><em>’</em></strong></span> 
     </span>
    </p>

    <p class='ocr_par' dir='ltr' id='par_1_3' title="bbox 139 1237 1257 1514">
     <span class='ocr_line' id='line_1_7' title="bbox 178 1237 1241 1319; baseline 0.007 -20"><span class='ocrx_word' id='word_1_46' title='bbox 178 1245 234 1302; x_wconf 90' lang='lat'><strong>20.</strong></span> <span class='ocrx_word' id='word_1_47' title='bbox 258 1237 452 1310; x_wconf 89' lang='lat' dir='ltr'><strong>Mithridatis,</strong></span> <span class='ocrx_word' id='word_1_48' title='bbox 474 1240 525 1319; x_wconf 92' lang='lat' dir='ltr'><strong>qui</strong></span> <span class='ocrx_word' id='word_1_49' title='bbox 549 1247 611 1298; x_wconf 90' lang='lat' dir='ltr'><strong>tam</strong></span> <span class='ocrx_word' id='word_1_50' title='bbox 633 1239 686 1300; x_wconf 92' lang='lat' dir='ltr'><strong>diu</strong></span> <span class='ocrx_word' id='word_1_51' title='bbox 706 1238 832 1300; x_wconf 79' lang='lat' dir='ltr'>bellavit</span> <span class='ocrx_word' id='word_1_52' title='bbox 849 1261 916 1301; x_wconf 90' lang='lat' dir='ltr'><strong>cum</strong></span> <span class='ocrx_word' id='word_1_53' title='bbox 936 1240 1093 1314; x_wconf 76' lang='lat' dir='ltr'><strong>Romania,</strong></span> <span class='ocrx_word' id='word_1_54' title='bbox 1121 1256 1201 1306; x_wconf 78' lang='lat' dir='ltr'><strong>strab.</strong></span> <span class='ocrx_word' id='word_1_55' title='bbox 1213 1272 1241 1309; x_wconf 82' lang='lat' dir='ltr'><strong>x.</strong></span> 
     </span>
     <span class='ocr_line' id='line_1_8' title="bbox 139 1325 1199 1419; baseline 0.003 -23"><span class='ocrx_word' id='word_1_56' title='bbox 139 1335 246 1396; x_wconf 88' lang='lat' dir='ltr'><strong>eodem</strong></span> <span class='ocrx_word' id='word_1_57' title='bbox 259 1338 375 1396; x_wconf 87' lang='lat' dir='ltr'><strong>nomine</strong></span> <span class='ocrx_word' id='word_1_58' title='bbox 388 1345 472 1416; x_wconf 89' lang='lat' dir='ltr'><strong>pater</strong></span> <span class='ocrx_word' id='word_1_59' title='bbox 485 1334 552 1406; x_wconf 83' lang='lat' dir='ltr'><strong>suit,</strong></span> <span class='ocrx_word' id='word_1_60' title='bbox 569 1335 730 1415; x_wconf 80' lang='lat' dir='ltr'><strong>Evergetes</strong></span> <span class='ocrx_word' id='word_1_61' title='bbox 747 1347 960 1416; x_wconf 81' lang='lat' dir='ltr'><strong>cognomento:</strong></span> <span class='ocrx_word' id='word_1_62' title='bbox 982 1338 1021 1404; x_wconf 87' lang='lat' dir='ltr'><strong>de</strong></span> <span class='ocrx_word' id='word_1_63' title='bbox 1034 1359 1095 1419; x_wconf 91' lang='lat' dir='ltr'><strong>quo</strong></span> <span class='ocrx_word' id='word_1_64' title='bbox 1107 1336 1131 1385; x_wconf 77' lang='grc' dir='ltr'><strong>Ρ·</strong></span> <span class='ocrx_word' id='word_1_65' title='bbox 1141 1325 1199 1372; x_wconf 78' lang='lat'><strong>⁴⁷⁷·</strong></span> 
     </span>
     <span class='ocr_line' id='line_1_9' title="bbox 139 1418 1257 1514; baseline 0.003 -22"><span class='ocrx_word' id='word_1_66' title='bbox 139 1434 201 1493; x_wconf 87' lang='lat' dir='ltr'><strong>suis</strong></span> <span class='ocrx_word' id='word_1_67' title='bbox 222 1433 297 1494; x_wconf 90' lang='lat' dir='ltr'><strong>locis</strong></span> <span class='ocrx_word' id='word_1_68' title='bbox 318 1432 454 1513; x_wconf 74' lang='lat' dir='ltr'><strong>quadam</strong></span> <span class='ocrx_word' id='word_1_69' title='bbox 478 1433 712 1494; x_wconf 75' lang='lat' dir='ltr'><strong>memoravimus.</strong></span> <span class='ocrx_word' id='word_1_70' title='bbox 754 1433 840 1493; x_wconf 90' lang='lat' dir='ltr'><strong>Ante</strong></span> <span class='ocrx_word' id='word_1_71' title='bbox 859 1434 938 1494; x_wconf 91' lang='lat' dir='ltr'><strong>hunc</strong></span> <span class='ocrx_word' id='word_1_72' title='bbox 960 1437 1097 1514; x_wconf 85' lang='lat' dir='ltr'><strong>regnavit</strong></span> <span class='ocrx_word' id='word_1_73' title='bbox 1123 1418 1257 1469; x_wconf 37' lang='lat'><strong>&amp;¹¹¹⁸</strong></span> 
     </span>
    </p>
   </div>
   <div class='ocr_carea' id='block_1_3' title="bbox 140 1489 1214 1614">
    <p class='ocr_par' dir='ltr' id='par_1_4' title="bbox 140 1489 1214 1614">
     <span class='ocr_line' id='line_1_10' title="bbox 140 1489 1214 1614; baseline 0.005 -26"><span class='ocrx_word' id='word_1_74' title='bbox 140 1529 328 1598; x_wconf 87' lang='lat' dir='ltr'><strong>Pharnaces,</strong></span> <span class='ocrx_word' id='word_1_75' title='bbox 354 1528 562 1610; x_wconf 86' lang='lat' dir='ltr'><strong>Sinopensium</strong></span> <span class='ocrx_word' id='word_1_76' title='bbox 588 1525 726 1602; x_wconf 88' lang='lat' dir='ltr'><strong>domitor,</strong></span> <span class='ocrx_word' id='word_1_77' title='bbox 752 1550 829 1611; x_wconf 88' lang='lat' dir='ltr'><strong>quos</strong></span> <span class='ocrx_word' id='word_1_78' title='bbox 853 1541 957 1591; x_wconf 88' lang='lat' dir='ltr'><strong>contra</strong></span> <span class='ocrx_word' id='word_1_79' title='bbox 982 1489 1214 1614; x_wconf 53' lang='lat' dir='ltr'><strong>panomphiifi.</strong></span> 
     </span>
    </p>
   </div>
   <div class='ocr_carea' id='block_1_4' title="bbox 137 1619 1264 3655">
    <p class='ocr_par' dir='ltr' id='par_1_5' title="bbox 139 1619 1261 2098">
     <span class='ocr_line' id='line_1_11' title="bbox 139 1619 1234 1726; baseline 0.003 -41"><span class='ocrx_word' id='word_1_80' title='bbox 139 1629 207 1705; x_wconf 86' lang='lat' dir='ltr'><strong>ejus</strong></span> <span class='ocrx_word' id='word_1_81' title='bbox 221 1625 428 1686; x_wconf 77' lang='lat' dir='ltr'><strong>Mithridatem</strong></span> <span class='ocrx_word' id='word_1_82' title='bbox 442 1625 558 1686; x_wconf 88' lang='lat' dir='ltr'><strong>Rhodii</strong></span> <span class='ocrx_word' id='word_1_83' title='bbox 570 1623 773 1686; x_wconf 84' lang='lat' dir='ltr'><strong>defenderant.</strong></span> <span class='ocrx_word' id='word_1_84' title='bbox 815 1627 864 1687; x_wconf 86' lang='lat' dir='ltr'><strong>At</strong></span> <span class='ocrx_word' id='word_1_85' title='bbox 875 1627 1097 1688; x_wconf 84' lang='lat' dir='ltr'><strong>Ariobarzanes</strong></span> <span class='ocrx_word' id='word_1_86' title='bbox 1109 1629 1147 1726; x_wconf 46' lang='grc' dir='ltr'><strong>’ἢ</strong></span> <span class='ocrx_word' id='word_1_87' title='bbox 1157 1619 1199 1664; x_wconf 75' lang='lat'><strong>⁶⁶·</strong></span> <span class='ocrx_word' id='word_1_88' title='bbox 1219 1693 1234 1726; x_wconf 49' lang='lat' dir='ltr'><strong>a</strong></span> 
     </span>
     <span class='ocr_line' id='line_1_12' title="bbox 140 1692 1260 1804; baseline 0.004 -24"><span class='ocrx_word' id='word_1_89' title='bbox 140 1722 298 1783; x_wconf 84' lang='lat' dir='ltr'><strong>Amastrin</strong></span> <span class='ocrx_word' id='word_1_90' title='bbox 313 1721 452 1802; x_wconf 86' lang='lat' dir='ltr'><strong>adjunxit</strong></span> <span class='ocrx_word' id='word_1_91' title='bbox 464 1742 567 1800; x_wconf 87' lang='lat' dir='ltr'><strong>regno,</strong></span> <span class='ocrx_word' id='word_1_92' title='bbox 581 1721 710 1782; x_wconf 88' lang='lat' dir='ltr'><strong>nobilem</strong></span> <span class='ocrx_word' id='word_1_93' title='bbox 723 1724 824 1782; x_wconf 89' lang='lat' dir='ltr'><strong>urbem</strong></span> <span class='ocrx_word' id='word_1_94' title='bbox 837 1744 845 1792; x_wconf 71' lang='grc' dir='ltr'>ς</span> <span class='ocrx_word' id='word_1_95' title='bbox 869 1725 961 1804; x_wconf 90' lang='lat' dir='ltr'><strong>patris</strong></span> <span class='ocrx_word' id='word_1_96' title='bbox 974 1725 1095 1785; x_wconf 91' lang='lat' dir='ltr'><strong>Mithri·</strong></span> <span class='ocrx_word' id='word_1_97' title='bbox 1109 1694 1212 1794; x_wconf 50' lang='lat' dir='ltr'><strong>Paridi]</strong></span> <span class='ocrx_word' id='word_1_98' title='bbox 1220 1692 1260 1792; x_wconf 59' lang='lat' dir='ltr'><strong>ri:</strong></span> 
     </span>
     <span class='ocr_line' id='line_1_13' title="bbox 139 1807 1261 1921; baseline 0.003 -43"><span class='ocrx_word' id='word_1_99' title='bbox 139 1819 223 1879; x_wconf 90' lang='lat' dir='ltr'><strong>datis</strong></span> <span class='ocrx_word' id='word_1_100' title='bbox 242 1821 348 1900; x_wconf 89' lang='lat' dir='ltr'><strong>opibus</strong></span> <span class='ocrx_word' id='word_1_101' title='bbox 362 1819 491 1890; x_wconf 83' lang='lat' dir='ltr'><strong>validus,</strong></span> <span class='ocrx_word' id='word_1_102' title='bbox 505 1820 557 1898; x_wconf 92' lang='lat' dir='ltr'><strong>qui</strong></span> <span class='ocrx_word' id='word_1_103' title='bbox 571 1817 796 1900; x_wconf 75' lang='lat' dir='ltr'><strong>Cappadociam</strong></span> <span class='ocrx_word' id='word_1_104' title='bbox 810 1829 841 1879; x_wconf 92' lang='lat' dir='ltr'><strong>et</strong></span> <span class='ocrx_word' id='word_1_105' title='bbox 856 1821 1096 1903; x_wconf 80' lang='lat' dir='ltr'><strong>Paphlagoniam</strong></span> <span class='ocrx_word' id='word_1_106' title='bbox 1108 1807 1202 1921; x_wconf 45' lang='lat' dir='ltr'><strong>hiim·</strong></span> <span class='ocrx_word' id='word_1_107' title='bbox 1213 1823 1261 1858; x_wconf 86' lang='lat'><strong>¹¹·</strong></span> 
     </span>
     <span class='ocr_line' id='line_1_14' title="bbox 139 1909 1150 1998; baseline 0.003 -24"><span class='ocrx_word' id='word_1_108' title='bbox 139 1917 228 1975; x_wconf 87' lang='lat' dir='ltr'><strong>aunis</strong></span> <span class='ocrx_word' id='word_1_109' title='bbox 240 1937 293 1976; x_wconf 84' lang='lat' dir='ltr'><strong>sex</strong></span> <span class='ocrx_word' id='word_1_110' title='bbox 306 1924 337 1975; x_wconf 87' lang='lat' dir='ltr'><strong>et</strong></span> <span class='ocrx_word' id='word_1_111' title='bbox 350 1917 469 1994; x_wconf 84' lang='lat' dir='ltr'><strong>triginta</strong></span> <span class='ocrx_word' id='word_1_112' title='bbox 481 1916 661 1986; x_wconf 78' lang='lat' dir='ltr'><strong>obtinuerat,</strong></span> <span class='ocrx_word' id='word_1_113' title='bbox 679 1916 768 1977; x_wconf 84' lang='lat' dir='ltr'><strong>valde</strong></span> <span class='ocrx_word' id='word_1_114' title='bbox 782 1919 876 1977; x_wconf 88' lang='lat' dir='ltr'><strong>auctis</strong></span> <span class='ocrx_word' id='word_1_115' title='bbox 888 1919 1003 1998; x_wconf 89' lang='lat' dir='ltr'><strong>paterni</strong></span> <span class='ocrx_word' id='word_1_116' title='bbox 1015 1919 1097 1996; x_wconf 89' lang='lat' dir='ltr'><strong>regni</strong></span> <span class='ocrx_word' id='word_1_117' title='bbox 1143 1909 1150 1924; x_wconf 74' lang='lat'>⁸</span> 
     </span>
     <span class='ocr_line' id='line_1_15' title="bbox 139 2013 1097 2098; baseline 0.003 -25"><span class='ocrx_word' id='word_1_118' title='bbox 139 2015 266 2075; x_wconf 81' lang='lat' dir='ltr'><strong>viribus.</strong></span> <span class='ocrx_word' id='word_1_119' title='bbox 307 2013 403 2073; x_wconf 86' lang='lat' dir='ltr'><strong>Pater</strong></span> <span class='ocrx_word' id='word_1_120' title='bbox 415 2015 494 2072; x_wconf 88' lang='lat' dir='ltr'><strong>enim</strong></span> <span class='ocrx_word' id='word_1_121' title='bbox 510 2016 577 2092; x_wconf 85' lang='lat' dir='ltr'><strong>ejus</strong></span> <span class='ocrx_word' id='word_1_122' title='bbox 599 2013 791 2076; x_wconf 78' lang='lat' dir='ltr'><strong>Mithridates</strong></span> <span class='ocrx_word' id='word_1_123' title='bbox 807 2016 959 2093; x_wconf 82' lang='lat' dir='ltr'><strong>augustius</strong></span> <span class='ocrx_word' id='word_1_124' title='bbox 972 2017 1097 2098; x_wconf 91' lang='lat' dir='ltr'><strong>impera·</strong></span> 
     </span>
    </p>

    <p class='ocr_par' dir='ltr' id='par_1_6' title="bbox 138 2110 1097 2193">
     <span class='ocr_line' id='line_1_16' title="bbox 138 2110 1097 2193; baseline 0.004 -22"><span class='ocrx_word' id='word_1_125' title='bbox 138 2115 195 2184; x_wconf 84' lang='lat' dir='ltr'><strong>vit,</strong></span> <span class='ocrx_word' id='word_1_126' title='bbox 212 2111 391 2192; x_wconf 72' lang='lat' dir='ltr'><strong>prevalente</strong></span> <span class='ocrx_word' id='word_1_127' title='bbox 406 2110 607 2170; x_wconf 87' lang='lat' dir='ltr'><strong>Macedonum</strong></span> <span class='ocrx_word' id='word_1_128' title='bbox 621 2113 762 2192; x_wconf 85' lang='lat' dir='ltr'><strong>potentia.</strong></span> <span class='ocrx_word' id='word_1_129' title='bbox 804 2111 890 2172; x_wconf 87' lang='lat' dir='ltr'><strong>Nam</strong></span> <span class='ocrx_word' id='word_1_130' title='bbox 910 2113 1097 2193; x_wconf 85' lang='lat' dir='ltr'><strong>Antigonum</strong></span> 
     </span>
    </p>

    <p class='ocr_par' dir='ltr' id='par_1_7' title="bbox 139 2208 1098 2387">
     <span class='ocr_line' id='line_1_17' title="bbox 139 2208 1098 2292; baseline 0.003 -24"><span class='ocrx_word' id='word_1_131' title='bbox 139 2211 250 2270; x_wconf 85' lang='lat' dir='ltr'><strong>sectari</strong></span> <span class='ocrx_word' id='word_1_132' title='bbox 273 2229 423 2270; x_wconf 83' lang='lat' dir='ltr'><strong>necessum</strong></span> <span class='ocrx_word' id='word_1_133' title='bbox 447 2209 562 2278; x_wconf 87' lang='lat' dir='ltr'><strong>habuit,</strong></span> <span class='ocrx_word' id='word_1_134' title='bbox 576 2230 614 2269; x_wconf 91' lang='lat' dir='ltr'><strong>ex</strong></span> <span class='ocrx_word' id='word_1_135' title='bbox 637 2208 806 2272; x_wconf 85' lang='lat' dir='ltr'><strong>Alexandri</strong></span> <span class='ocrx_word' id='word_1_136' title='bbox 825 2210 932 2289; x_wconf 86' lang='lat' dir='ltr'><strong>Magni</strong></span> <span class='ocrx_word' id='word_1_137' title='bbox 948 2209 1024 2271; x_wconf 88' lang='lat' dir='ltr'><strong>duce</strong></span> <span class='ocrx_word' id='word_1_138' title='bbox 1044 2233 1098 2292; x_wconf 87' lang='lat' dir='ltr'><strong>po-</strong></span> 
     </span>
     <span class='ocr_line' id='line_1_18' title="bbox 140 2305 1097 2387; baseline 0.004 -23"><span class='ocrx_word' id='word_1_139' title='bbox 140 2307 336 2366; x_wconf 78' lang='lat' dir='ltr'><strong>tentissimum</strong></span> <span class='ocrx_word' id='word_1_140' title='bbox 360 2305 444 2365; x_wconf 79' lang='lat' dir='ltr'><strong>Asiae</strong></span> <span class='ocrx_word' id='word_1_141' title='bbox 467 2325 584 2384; x_wconf 88' lang='lat' dir='ltr'><strong>regem:</strong></span> <span class='ocrx_word' id='word_1_142' title='bbox 611 2327 712 2387; x_wconf 91' lang='lat' dir='ltr'><strong>aquo</strong></span> <span class='ocrx_word' id='word_1_143' title='bbox 735 2308 825 2368; x_wconf 87' lang='lat' dir='ltr'><strong>etiarn</strong></span> <span class='ocrx_word' id='word_1_144' title='bbox 847 2306 950 2368; x_wconf 86' lang='lat' dir='ltr'><strong>luisset</strong></span> <span class='ocrx_word' id='word_1_145' title='bbox 970 2309 1097 2380; x_wconf 84' lang='lat' dir='ltr'><strong>occisus,</strong></span> 
     </span>
    </p>

    <p class='ocr_par' dir='ltr' id='par_1_8' title="bbox 141 2403 738 2482">
     <span class='ocr_line' id='line_1_19' title="bbox 141 2403 738 2482; baseline 0 -20"><span class='ocrx_word' id='word_1_146' title='bbox 141 2405 197 2463; x_wconf 87' lang='lat' dir='ltr'><strong>uisi</strong></span> <span class='ocrx_word' id='word_1_147' title='bbox 214 2404 286 2482; x_wconf 83' lang='lat' dir='ltr'><strong>luga</strong></span> <span class='ocrx_word' id='word_1_148' title='bbox 298 2412 442 2464; x_wconf 77' lang='lat' dir='ltr'><strong>servasset</strong></span> <span class='ocrx_word' id='word_1_149' title='bbox 453 2403 589 2464; x_wconf 87' lang='lat' dir='ltr'><strong>salutem.</strong></span> <span class='ocrx_word' id='word_1_150' title='bbox 734 2465 738 2472; x_wconf 70' lang='grc'><strong><em>,</em></strong></span> 
     </span>
    </p>

    <p class='ocr_par' dir='ltr' id='par_1_9' title="bbox 138 2500 1261 3170">
     <span class='ocr_line' id='line_1_20' title="bbox 180 2500 1220 2584; baseline 0.004 -24"><span class='ocrx_word' id='word_1_151' title='bbox 180 2508 234 2560; x_wconf 93' lang='lat'><strong>21.</strong></span> <span class='ocrx_word' id='word_1_152' title='bbox 257 2501 463 2578; x_wconf 74' lang='lat' dir='ltr'><strong>somniaverat</strong></span> <span class='ocrx_word' id='word_1_153' title='bbox 484 2500 655 2580; x_wconf 85' lang='lat' dir='ltr'><strong>Antigonus</strong></span> <span class='ocrx_word' id='word_1_154' title='bbox 675 2503 736 2579; x_wconf 88' lang='lat' dir='ltr'><strong>(res</strong></span> <span class='ocrx_word' id='word_1_155' title='bbox 755 2502 834 2561; x_wconf 88' lang='lat' dir='ltr'><strong>enim</strong></span> <span class='ocrx_word' id='word_1_156' title='bbox 847 2511 963 2563; x_wconf 89' lang='lat' dir='ltr'><strong>estnon</strong></span> <span class='ocrx_word' id='word_1_157' title='bbox 978 2503 1099 2584; x_wconf 88' lang='lat' dir='ltr'><strong>indigna</strong></span> <span class='ocrx_word' id='word_1_158' title='bbox 1111 2509 1220 2573; x_wconf 71' lang='lat' dir='ltr'><strong>Appius.</strong></span> 
     </span>
     <span class='ocr_line' id='line_1_21' title="bbox 138 2574 1261 2689; baseline 0.004 -30"><span class='ocrx_word' id='word_1_159' title='bbox 138 2599 251 2678; x_wconf 88' lang='lat' dir='ltr'><strong>relatu)</strong></span> <span class='ocrx_word' id='word_1_160' title='bbox 266 2621 298 2660; x_wconf 90' lang='lat' dir='ltr'><strong>se</strong></span> <span class='ocrx_word' id='word_1_161' title='bbox 320 2620 422 2679; x_wconf 84' lang='lat' dir='ltr'><strong>ugrum</strong></span> <span class='ocrx_word' id='word_1_162' title='bbox 445 2620 518 2661; x_wconf 89' lang='lat' dir='ltr'><strong>auro</strong></span> <span class='ocrx_word' id='word_1_163' title='bbox 540 2619 707 2669; x_wconf 74' lang='lat' dir='ltr'><strong>consererer</strong></span> <span class='ocrx_word' id='word_1_164' title='bbox 732 2599 940 2662; x_wconf 83' lang='lat' dir='ltr'><strong>Mithridatem</strong></span> <span class='ocrx_word' id='word_1_165' title='bbox 963 2622 1034 2663; x_wconf 87' lang='lat' dir='ltr'><strong>vero</strong></span> <span class='ocrx_word' id='word_1_166' title='bbox 1045 2601 1097 2663; x_wconf 87' lang='lat' dir='ltr'><strong>da·</strong></span> <span class='ocrx_word' id='word_1_167' title='bbox 1110 2574 1261 2689; x_wconf 45' lang='lat' dir='ltr'><strong>fflflssgft</strong></span> 
     </span>
     <span class='ocr_line' id='line_1_22' title="bbox 140 2697 1251 2779; baseline -0.002 -23"><span class='ocrx_word' id='word_1_168' title='bbox 140 2718 270 2756; x_wconf 83' lang='lat' dir='ltr'><strong>messum</strong></span> <span class='ocrx_word' id='word_1_169' title='bbox 285 2718 388 2757; x_wconf 89' lang='lat' dir='ltr'><strong>aurum</strong></span> <span class='ocrx_word' id='word_1_170' title='bbox 400 2705 548 2779; x_wconf 87' lang='lat' dir='ltr'><strong>asportare</strong></span> <span class='ocrx_word' id='word_1_171' title='bbox 563 2700 592 2757; x_wconf 91' lang='lat' dir='ltr'><strong>in</strong></span> <span class='ocrx_word' id='word_1_172' title='bbox 608 2697 751 2759; x_wconf 90' lang='lat' dir='ltr'><strong>Pontum.</strong></span> <span class='ocrx_word' id='word_1_173' title='bbox 794 2698 927 2761; x_wconf 86' lang='lat' dir='ltr'><strong>Laborat</strong></span> <span class='ocrx_word' id='word_1_174' title='bbox 938 2700 995 2760; x_wconf 89' lang='lat' dir='ltr'><strong>hoc</strong></span> <span class='ocrx_word' id='word_1_175' title='bbox 1008 2701 1098 2760; x_wconf 89' lang='lat' dir='ltr'><strong>etiam</strong></span> <span class='ocrx_word' id='word_1_176' title='bbox 1111 2716 1181 2756; x_wconf 80' lang='lat' dir='ltr'><strong>nau.</strong></span> <span class='ocrx_word' id='word_1_177' title='bbox 1192 2722 1216 2754; x_wconf 76' lang='lat' dir='ltr'><strong>c.</strong></span> <span class='ocrx_word' id='word_1_178' title='bbox 1225 2711 1251 2754; x_wconf 76' lang='lat'><strong>⁶.</strong></span> 
     </span>
     <span class='ocr_line' id='line_1_23' title="bbox 140 2795 1099 2878; baseline 0.001 -22"><span class='ocrx_word' id='word_1_179' title='bbox 140 2796 266 2856; x_wconf 70' lang='lat' dir='ltr'><strong>insania</strong></span> <span class='ocrx_word' id='word_1_180' title='bbox 280 2816 385 2874; x_wconf 87' lang='lat' dir='ltr'><strong>genere</strong></span> <span class='ocrx_word' id='word_1_181' title='bbox 405 2795 564 2856; x_wconf 88' lang='lat' dir='ltr'><strong>humanum</strong></span> <span class='ocrx_word' id='word_1_182' title='bbox 588 2796 749 2875; x_wconf 78' lang='lat' dir='ltr'><strong>ingenium,</strong></span> <span class='ocrx_word' id='word_1_183' title='bbox 772 2804 805 2857; x_wconf 89' lang='lat' dir='ltr'><strong>ut</strong></span> <span class='ocrx_word' id='word_1_184' title='bbox 826 2805 857 2856; x_wconf 92' lang='lat' dir='ltr'><strong>et</strong></span> <span class='ocrx_word' id='word_1_185' title='bbox 874 2798 1099 2878; x_wconf 79' lang='lat' dir='ltr'><strong>praedictionum</strong></span> 
     </span>
     <span class='ocr_line' id='line_1_24' title="bbox 141 2892 1100 2976; baseline 0.002 -23"><span class='ocrx_word' id='word_1_186' title='bbox 141 2894 250 2953; x_wconf 87' lang='lat' dir='ltr'><strong>harum</strong></span> <span class='ocrx_word' id='word_1_187' title='bbox 265 2902 360 2953; x_wconf 85' lang='lat' dir='ltr'><strong>ratam</strong></span> <span class='ocrx_word' id='word_1_188' title='bbox 376 2914 439 2953; x_wconf 86' lang='lat' dir='ltr'><strong>esse</strong></span> <span class='ocrx_word' id='word_1_189' title='bbox 461 2892 550 2954; x_wconf 87' lang='lat' dir='ltr'><strong>tidem</strong></span> <span class='ocrx_word' id='word_1_190' title='bbox 570 2902 665 2974; x_wconf 88' lang='lat' dir='ltr'><strong>putet,</strong></span> <span class='ocrx_word' id='word_1_191' title='bbox 685 2901 717 2954; x_wconf 90' lang='lat' dir='ltr'><strong>et</strong></span> <span class='ocrx_word' id='word_1_192' title='bbox 735 2894 830 2954; x_wconf 89' lang='lat' dir='ltr'><strong>nihilo</strong></span> <span class='ocrx_word' id='word_1_193' title='bbox 848 2897 946 2956; x_wconf 87' lang='lat' dir='ltr'><strong>secius</strong></span> <span class='ocrx_word' id='word_1_194' title='bbox 968 2916 1100 2976; x_wconf 84' lang='lat' dir='ltr'><strong>pugnare</strong></span> 
     </span>
     <span class='ocr_line' id='line_1_25' title="bbox 139 2989 1101 3069; baseline 0.005 -21"><span class='ocrx_word' id='word_1_195' title='bbox 139 3010 211 3049; x_wconf 87' lang='lat' dir='ltr'><strong>eum</strong></span> <span class='ocrx_word' id='word_1_196' title='bbox 225 2989 287 3049; x_wconf 85' lang='lat' dir='ltr'><strong>lato</strong></span> <span class='ocrx_word' id='word_1_197' title='bbox 299 3000 430 3049; x_wconf 90' lang='lat' dir='ltr'><strong>conetur.</strong></span> <span class='ocrx_word' id='word_1_198' title='bbox 474 2989 571 3069; x_wconf 87' lang='lat' dir='ltr'><strong>Igitur</strong></span> <span class='ocrx_word' id='word_1_199' title='bbox 585 2991 756 3069; x_wconf 86' lang='lat' dir='ltr'><strong>Antigonus</strong></span> <span class='ocrx_word' id='word_1_200' title='bbox 773 2989 939 3051; x_wconf 86' lang='lat' dir='ltr'><strong>tollendum</strong></span> <span class='ocrx_word' id='word_1_201' title='bbox 950 2992 989 3052; x_wconf 94' lang='lat' dir='ltr'><strong>de</strong></span> <span class='ocrx_word' id='word_1_202' title='bbox 1003 2992 1101 3053; x_wconf 89' lang='lat' dir='ltr'><strong>medio</strong></span> 
     </span>
     <span class='ocr_line' id='line_1_26' title="bbox 142 3086 1100 3170; baseline 0.004 -24"><span class='ocrx_word' id='word_1_203' title='bbox 142 3086 353 3148; x_wconf 87' lang='lat' dir='ltr'><strong>Mithridatem</strong></span> <span class='ocrx_word' id='word_1_204' title='bbox 367 3096 458 3159; x_wconf 85' lang='lat' dir='ltr'><strong>ratus,</strong></span> <span class='ocrx_word' id='word_1_205' title='bbox 470 3108 530 3148; x_wconf 89' lang='lat' dir='ltr'><strong>rem</strong></span> <span class='ocrx_word' id='word_1_206' title='bbox 544 3098 637 3147; x_wconf 90' lang='lat' dir='ltr'><strong>totam</strong></span> <span class='ocrx_word' id='word_1_207' title='bbox 652 3088 806 3149; x_wconf 87' lang='lat' dir='ltr'><strong>Demetrio</strong></span> <span class='ocrx_word' id='word_1_208' title='bbox 820 3090 946 3170; x_wconf 87' lang='lat' dir='ltr'><strong>aperuit,</strong></span> <span class='ocrx_word' id='word_1_209' title='bbox 960 3088 1024 3149; x_wconf 88' lang='lat' dir='ltr'><strong>tilio</strong></span> <span class='ocrx_word' id='word_1_210' title='bbox 1036 3111 1100 3150; x_wconf 82' lang='lat' dir='ltr'><strong>auo.</strong></span> 
     </span>
    </p>

    <p class='ocr_par' dir='ltr' id='par_1_10' title="bbox 137 3184 1264 3655">
     <span class='ocr_line' id='line_1_27' title="bbox 143 3184 1101 3266; baseline 0.003 -23"><span class='ocrx_word' id='word_1_211' title='bbox 143 3184 250 3263; x_wconf 87' lang='lat' dir='ltr'><strong>Atque</strong></span> <span class='ocrx_word' id='word_1_212' title='bbox 265 3184 316 3245; x_wconf 89' lang='lat' dir='ltr'><strong>ille</strong></span> <span class='ocrx_word' id='word_1_213' title='bbox 329 3186 463 3244; x_wconf 88' lang='lat' dir='ltr'><strong>misertus</strong></span> <span class='ocrx_word' id='word_1_214' title='bbox 476 3184 587 3244; x_wconf 87' lang='lat' dir='ltr'><strong>sodalis</strong></span> <span class='ocrx_word' id='word_1_215' title='bbox 606 3194 638 3244; x_wconf 90' lang='lat' dir='ltr'><strong>et</strong></span> <span class='ocrx_word' id='word_1_216' title='bbox 659 3186 759 3257; x_wconf 88' lang='lat' dir='ltr'><strong>amici,</strong></span> <span class='ocrx_word' id='word_1_217' title='bbox 782 3206 842 3246; x_wconf 91' lang='lat' dir='ltr'><strong>non</strong></span> <span class='ocrx_word' id='word_1_218' title='bbox 864 3186 1004 3266; x_wconf 88' lang='lat' dir='ltr'><strong>equidem</strong></span> <span class='ocrx_word' id='word_1_219' title='bbox 1027 3207 1101 3247; x_wconf 82' lang='lat' dir='ltr'><strong>voce</strong></span> 
     </span>
     <span class='ocr_line' id='line_1_28' title="bbox 142 3281 1102 3362; baseline 0.004 -23"><span class='ocrx_word' id='word_1_220' title='bbox 142 3283 269 3353; x_wconf 89' lang='lat' dir='ltr'><strong>monuit,</strong></span> <span class='ocrx_word' id='word_1_221' title='bbox 287 3301 325 3341; x_wconf 91' lang='lat' dir='ltr'><strong>ne</strong></span> <span class='ocrx_word' id='word_1_222' title='bbox 342 3281 550 3361; x_wconf 81' lang='lat' dir='ltr'><strong>jusjurandum</strong></span> <span class='ocrx_word' id='word_1_223' title='bbox 574 3284 651 3362; x_wconf 89' lang='lat' dir='ltr'><strong>patri</strong></span> <span class='ocrx_word' id='word_1_224' title='bbox 672 3282 776 3342; x_wconf 89' lang='lat' dir='ltr'><strong>datum</strong></span> <span class='ocrx_word' id='word_1_225' title='bbox 799 3282 929 3354; x_wconf 80' lang='lat' dir='ltr'><strong>falleret,</strong></span> <span class='ocrx_word' id='word_1_226' title='bbox 955 3283 1020 3354; x_wconf 86' lang='lat' dir='ltr'><strong>aed,</strong></span> <span class='ocrx_word' id='word_1_227' title='bbox 1046 3282 1102 3343; x_wconf 94' lang='lat' dir='ltr'><strong>illo</strong></span> 
     </span>
     <span class='ocr_line' id='line_1_29' title="bbox 142 3362 1102 3461; baseline 0.005 -25"><span class='ocrx_word' id='word_1_228' title='bbox 142 3379 378 3459; x_wconf 65' lang='lat' dir='ltr'><strong>inspicientem</strong></span> <span class='ocrx_word' id='word_1_229' title='bbox 401 3400 491 3439; x_wconf 85' lang='lat' dir='ltr'><strong>arena</strong></span> <span class='ocrx_word' id='word_1_230' title='bbox 512 3362 649 3460; x_wconf 86' lang='lat' dir='ltr'><strong>depinirit</strong></span> <span class='ocrx_word' id='word_1_231' title='bbox 671 3380 770 3440; x_wconf 86' lang='lat' dir='ltr'><strong>hastili</strong></span> <span class='ocrx_word' id='word_1_232' title='bbox 790 3380 852 3441; x_wconf 91' lang='lat' dir='ltr'><strong>duo</strong></span> <span class='ocrx_word' id='word_1_233' title='bbox 874 3382 977 3451; x_wconf 85' lang='lat' dir='ltr'><strong>verba,</strong></span> <span class='ocrx_word' id='word_1_234' title='bbox 1001 3381 1102 3461; x_wconf 85' lang='lat' dir='ltr'><strong>fugere</strong></span> 
     </span>
     <span class='ocr_line' id='line_1_30' title="bbox 137 3476 1101 3561; baseline 0.005 -26"><span class='ocrx_word' id='word_1_235' title='bbox 137 3478 252 3555; x_wconf 86' lang='lat' dir='ltr'><strong>jubens</strong></span> <span class='ocrx_word' id='word_1_236' title='bbox 267 3476 483 3537; x_wconf 83' lang='lat' dir='ltr'><strong>Mithridatem.</strong></span> <span class='ocrx_word' id='word_1_237' title='bbox 527 3477 631 3558; x_wconf 85' lang='lat' dir='ltr'><strong>Atque</strong></span> <span class='ocrx_word' id='word_1_238' title='bbox 653 3477 704 3538; x_wconf 93' lang='lat' dir='ltr'><strong>ille</strong></span> <span class='ocrx_word' id='word_1_239' title='bbox 723 3498 791 3539; x_wconf 92' lang='lat' dir='ltr'><strong>cum</strong></span> <span class='ocrx_word' id='word_1_240' title='bbox 804 3499 857 3539; x_wconf 84' lang='lat' dir='ltr'><strong>aex</strong></span> <span class='ocrx_word' id='word_1_241' title='bbox 871 3480 1022 3559; x_wconf 87' lang='lat' dir='ltr'><strong>equitibus</strong></span> <span class='ocrx_word' id='word_1_242' title='bbox 1034 3500 1101 3561; x_wconf 91' lang='lat' dir='ltr'><strong>pro-</strong></span> 
     </span>
     <span class='ocr_line' id='line_1_31' title="bbox 141 3572 1264 3655; baseline 0.005 -24"><span class='ocrx_word' id='word_1_243' title='bbox 141 3572 231 3652; x_wconf 77' lang='lat' dir='ltr'><strong>fugit,</strong></span> <span class='ocrx_word' id='word_1_244' title='bbox 245 3584 449 3655; x_wconf 89' lang='lat' dir='ltr'><strong>occupatoque</strong></span> <span class='ocrx_word' id='word_1_245' title='bbox 467 3573 602 3645; x_wconf 82' lang='lat' dir='ltr'><strong>castello,</strong></span> <span class='ocrx_word' id='word_1_246' title='bbox 624 3574 672 3635; x_wconf 92' lang='lat' dir='ltr'><strong>cui</strong></span> <span class='ocrx_word' id='word_1_247' title='bbox 686 3595 791 3635; x_wconf 86' lang='lat' dir='ltr'><strong>nomen</strong></span> <span class='ocrx_word' id='word_1_248' title='bbox 805 3585 870 3637; x_wconf 91' lang='lat' dir='ltr'><strong>erat</strong></span> <span class='ocrx_word' id='word_1_249' title='bbox 883 3576 1015 3648; x_wconf 79' lang='lat' dir='ltr'><strong>(liciata,</strong></span> <span class='ocrx_word' id='word_1_250' title='bbox 1033 3575 1101 3637; x_wconf 81' lang='lat' dir='ltr'><strong>luu-</strong></span> <span class='ocrx_word' id='word_1_251' title='bbox 1123 3572 1203 3622; x_wconf 70' lang='lat' dir='ltr'><strong>surb.</strong></span> <span class='ocrx_word' id='word_1_252' title='bbox 1212 3586 1264 3623; x_wconf 83' lang='lat'><strong>¹1¹·</strong></span> 
     </span>
    </p>
   </div>
   <div class='ocr_carea' id='block_1_5' title="bbox 142 3642 1210 3752">
    <p class='ocr_par' dir='ltr' id='par_1_11' title="bbox 142 3642 1210 3752">
     <span class='ocr_line' id='line_1_32' title="bbox 142 3642 1210 3752; baseline -0.031 8"><span class='ocrx_word' id='word_1_253' title='bbox 142 3669 315 3731; x_wconf 57' lang='lat' dir='ltr'><strong>mentum</strong></span> <span class='ocrx_word' id='word_1_254' title='bbox 326 3674 403 3752; x_wconf 66' lang='lat' dir='ltr'><strong>decli</strong></span> <span class='ocrx_word' id='word_1_255' title='bbox 416 3674 481 3752; x_wconf 75' lang='lat' dir='ltr'><strong>⁸l¹¹⁸</strong></span> <span class='ocrx_word' id='word_1_256' title='bbox 494 3672 586 3751; x_wconf 66' lang='lat' dir='ltr'><strong>segni,</strong></span> <span class='ocrx_word' id='word_1_257' title='bbox 598 3670 679 3752; x_wconf 81' lang='lat' dir='ltr'><strong>quod</strong></span> <span class='ocrx_word' id='word_1_258' title='bbox 692 3672 722 3733; x_wconf 87' lang='lat' dir='ltr'><strong>in</strong></span> <span class='ocrx_word' id='word_1_259' title='bbox 733 3680 842 3735; x_wconf 85' lang='lat' dir='ltr'><strong>octava</strong></span> <span class='ocrx_word' id='word_1_260' title='bbox 853 3673 972 3734; x_wconf 90' lang='lat' dir='ltr'><strong>demum</strong></span> <span class='ocrx_word' id='word_1_261' title='bbox 985 3694 1101 3735; x_wconf 87' lang='lat' dir='ltr'><strong>succes·</strong></span> <span class='ocrx_word' id='word_1_262' title='bbox 1112 3642 1210 3752; x_wconf 43' lang='grc' dir='ltr'><strong>ἣξει</strong></span> 
     </span>
    </p>
   </div>
   <div class='ocr_carea' id='block_1_6' title="bbox 142 3766 1267 4047">
    <p class='ocr_par' dir='ltr' id='par_1_12' title="bbox 142 3766 1267 4047">
     <span class='ocr_line' id='line_1_33' title="bbox 142 3766 1253 3850; baseline 0.006 -24"><span class='ocrx_word' id='word_1_263' title='bbox 142 3768 226 3828; x_wconf 82' lang='lat' dir='ltr'><strong>sione</strong></span> <span class='ocrx_word' id='word_1_264' title='bbox 239 3766 389 3829; x_wconf 85' lang='lat' dir='ltr'><strong>Romanis</strong></span> <span class='ocrx_word' id='word_1_265' title='bbox 402 3770 491 3829; x_wconf 90' lang='lat' dir='ltr'><strong>armis</strong></span> <span class='ocrx_word' id='word_1_266' title='bbox 500 3770 692 3849; x_wconf 85' lang='lat' dir='ltr'><strong>subjugatum</strong></span> <span class='ocrx_word' id='word_1_267' title='bbox 705 3778 760 3830; x_wconf 89' lang='lat' dir='ltr'><strong>est.</strong></span> <span class='ocrx_word' id='word_1_268' title='bbox 1112 3768 1222 3833; x_wconf 74' lang='lat' dir='ltr'><strong>Appias.</strong></span> <span class='ocrx_word' id='word_1_269' title='bbox 1249 3831 1253 3850; x_wconf 79' lang='grc'>,</span> 
     </span>
     <span class='ocr_line' id='line_1_34' title="bbox 184 3865 1267 3947; baseline 0.006 -23"><span class='ocrx_word' id='word_1_270' title='bbox 184 3871 235 3925; x_wconf 89' lang='lat'><strong>22.</strong></span> <span class='ocrx_word' id='word_1_271' title='bbox 260 3865 356 3945; x_wconf 89' lang='lat' dir='ltr'><strong>Igitur</strong></span> <span class='ocrx_word' id='word_1_272' title='bbox 368 3876 399 3928; x_wconf 85' lang='lat' dir='ltr'><strong>et</strong></span> <span class='ocrx_word' id='word_1_273' title='bbox 418 3866 580 3928; x_wconf 88' lang='lat' dir='ltr'><strong>conditoris</strong></span> <span class='ocrx_word' id='word_1_274' title='bbox 601 3877 796 3946; x_wconf 84' lang='lat' dir='ltr'><strong>cognomento</strong></span> <span class='ocrx_word' id='word_1_275' title='bbox 817 3868 997 3939; x_wconf 88' lang='lat' dir='ltr'><strong>celebratur,</strong></span> <span class='ocrx_word' id='word_1_276' title='bbox 1020 3866 1100 3947; x_wconf 92' lang='lat' dir='ltr'><strong>quod</strong></span> <span class='ocrx_word' id='word_1_277' title='bbox 1130 3880 1267 3930; x_wconf 75' lang='lat' dir='ltr'><strong>Larisaia</strong></span> 
     </span>
     <span class='ocr_line' id='line_1_35' title="bbox 144 3948 1226 4047; baseline 0.003 -26"><span class='ocrx_word' id='word_1_278' title='bbox 144 3963 207 4044; x_wconf 88' lang='lat' dir='ltr'><strong>ipse</strong></span> <span class='ocrx_word' id='word_1_279' title='bbox 220 3967 347 4045; x_wconf 89' lang='lat' dir='ltr'><strong>primum</strong></span> <span class='ocrx_word' id='word_1_280' title='bbox 368 3966 413 4025; x_wconf 85' lang='lat' dir='ltr'><strong>sui</strong></span> <span class='ocrx_word' id='word_1_281' title='bbox 433 3967 511 4047; x_wconf 86' lang='lat' dir='ltr'><strong>juris</strong></span> <span class='ocrx_word' id='word_1_282' title='bbox 530 3984 652 4043; x_wconf 86' lang='lat' dir='ltr'><strong>regnum</strong></span> <span class='ocrx_word' id='word_1_283' title='bbox 675 3964 711 4025; x_wconf 82' lang='lat' dir='ltr'><strong>iis</strong></span> <span class='ocrx_word' id='word_1_284' title='bbox 730 3964 806 4025; x_wconf 88' lang='lat' dir='ltr'><strong>locis</strong></span> <span class='ocrx_word' id='word_1_285' title='bbox 822 3986 905 4025; x_wconf 77' lang='lat' dir='ltr'><strong>orsus</strong></span> <span class='ocrx_word' id='word_1_286' title='bbox 925 3973 980 4035; x_wconf 86' lang='lat' dir='ltr'><strong>eat,</strong></span> <span class='ocrx_word' id='word_1_287' title='bbox 995 3964 1104 4046; x_wconf 92' lang='lat' dir='ltr'><strong>quibus</strong></span> <span class='ocrx_word' id='word_1_288' title='bbox 1115 3948 1226 3996; x_wconf 78' lang='lat' dir='ltr'><strong>macrob.</strong></span> 
     </span>
    </p>
   </div>
   <div class='ocr_carea' id='block_1_7' title="bbox 144 4011 1265 4144">
    <p class='ocr_par' dir='ltr' id='par_1_13' title="bbox 144 4011 1265 4144">
     <span class='ocr_line' id='line_1_36' title="bbox 144 4011 1265 4144; baseline -0.058 -23"><span class='ocrx_word' id='word_1_289' title='bbox 144 4070 212 4121; x_wconf 85' lang='lat' dir='ltr'><strong>ante</strong></span> <span class='ocrx_word' id='word_1_290' title='bbox 227 4061 450 4122; x_wconf 88' lang='lat' dir='ltr'><strong>Ariobarzanes</strong></span> <span class='ocrx_word' id='word_1_291' title='bbox 469 4062 613 4143; x_wconf 64' lang='lat' dir='ltr'><strong>Phrygia}</strong></span> <span class='ocrx_word' id='word_1_292' title='bbox 626 4069 757 4144; x_wconf 88' lang='lat' dir='ltr'><strong>satrapa,</strong></span> <span class='ocrx_word' id='word_1_293' title='bbox 772 4070 804 4121; x_wconf 91' lang='lat' dir='ltr'><strong>et</strong></span> <span class='ocrx_word' id='word_1_294' title='bbox 816 4060 1009 4121; x_wconf 85' lang='lat' dir='ltr'><strong>Rhodobatre</strong></span> <span class='ocrx_word' id='word_1_295' title='bbox 1024 4059 1103 4121; x_wconf 82' lang='lat' dir='ltr'><strong>filius</strong></span> <span class='ocrx_word' id='word_1_296' title='bbox 1114 4011 1209 4127; x_wconf 50' lang='lat'><strong>3⁰⁰⁶·</strong></span> <span class='ocrx_word' id='word_1_297' title='bbox 1218 4025 1265 4059; x_wconf 84' lang='lat' dir='ltr'><strong>¹v.</strong></span> 
     </span>
    </p>
   </div>
   <div class='ocr_carea' id='block_1_8' title="bbox 144 4141 1266 4529">
    <p class='ocr_par' dir='ltr' id='par_1_14' title="bbox 144 4141 1266 4529">
     <span class='ocr_line' id='line_1_37' title="bbox 146 4141 1238 4257; baseline 0 -41"><span class='ocrx_word' id='word_1_298' title='bbox 146 4156 348 4230; x_wconf 86' lang='lat' dir='ltr'><strong>Mithridates,</strong></span> <span class='ocrx_word' id='word_1_299' title='bbox 362 4160 414 4240; x_wconf 91' lang='lat' dir='ltr'><strong>qui</strong></span> <span class='ocrx_word' id='word_1_300' title='bbox 428 4158 568 4220; x_wconf 88' lang='lat' dir='ltr'><strong>Platonis</strong></span> <span class='ocrx_word' id='word_1_301' title='bbox 578 4158 736 4237; x_wconf 83' lang='lat' dir='ltr'><strong>imaginem</strong></span> <span class='ocrx_word' id='word_1_302' title='bbox 748 4156 901 4218; x_wconf 82' lang='lat' dir='ltr'><strong>dedicavit</strong></span> <span class='ocrx_word' id='word_1_303' title='bbox 915 4156 1023 4229; x_wconf 81' lang='lat' dir='ltr'><strong>Musis,</strong></span> <span class='ocrx_word' id='word_1_304' title='bbox 1036 4178 1103 4239; x_wconf 91' lang='lat' dir='ltr'><strong>pre·</strong></span> <span class='ocrx_word' id='word_1_305' title='bbox 1113 4141 1238 4257; x_wconf 41' lang='lat' dir='ltr'><strong>gabin</strong></span> 
     </span>
     <span class='ocr_line' id='line_1_38' title="bbox 144 4253 1179 4337; baseline 0.005 -22"><span class='ocrx_word' id='word_1_306' title='bbox 144 4257 225 4316; x_wconf 88' lang='lat' dir='ltr'><strong>cario</strong></span> <span class='ocrx_word' id='word_1_307' title='bbox 237 4276 292 4336; x_wconf 92' lang='lat' dir='ltr'><strong>pro</strong></span> <span class='ocrx_word' id='word_1_308' title='bbox 306 4276 408 4334; x_wconf 86' lang='lat' dir='ltr'><strong>regum</strong></span> <span class='ocrx_word' id='word_1_309' title='bbox 422 4256 611 4316; x_wconf 89' lang='lat' dir='ltr'><strong>Persicorum</strong></span> <span class='ocrx_word' id='word_1_310' title='bbox 625 4257 795 4337; x_wconf 89' lang='lat' dir='ltr'><strong>purpuratis</strong></span> <span class='ocrx_word' id='word_1_311' title='bbox 808 4253 1015 4336; x_wconf 69' lang='lat' dir='ltr'><strong>praefectisque</strong></span> <span class='ocrx_word' id='word_1_312' title='bbox 1028 4274 1103 4335; x_wconf 76' lang='lat' dir='ltr'><strong>prte-</strong></span> <span class='ocrx_word' id='word_1_313' title='bbox 1114 4272 1179 4319; x_wconf 80' lang='lat' dir='ltr'><strong>Ptat.</strong></span> 
     </span>
     <span class='ocr_line' id='line_1_39' title="bbox 145 4335 1266 4435; baseline -0.001 -24"><span class='ocrx_word' id='word_1_314' title='bbox 145 4352 271 4413; x_wconf 81' lang='lat' dir='ltr'><strong>luerent.</strong></span> <span class='ocrx_word' id='word_1_315' title='bbox 314 4350 400 4413; x_wconf 89' lang='lat' dir='ltr'><strong>Nam</strong></span> <span class='ocrx_word' id='word_1_316' title='bbox 421 4374 440 4413; x_wconf 94' lang='lat' dir='ltr'><strong>a</strong></span> <span class='ocrx_word' id='word_1_317' title='bbox 460 4363 574 4435; x_wconf 87' lang='lat' dir='ltr'><strong>septem</strong></span> <span class='ocrx_word' id='word_1_318' title='bbox 593 4353 696 4413; x_wconf 87' lang='lat' dir='ltr'><strong>Persis</strong></span> <span class='ocrx_word' id='word_1_319' title='bbox 709 4352 839 4422; x_wconf 89' lang='lat' dir='ltr'><strong>oriundi,</strong></span> <span class='ocrx_word' id='word_1_320' title='bbox 857 4343 961 4412; x_wconf 83' lang='lat' dir='ltr'><strong>datam</strong></span> <span class='ocrx_word' id='word_1_321' title='bbox 974 4373 994 4412; x_wconf 90' lang='lat' dir='ltr'><strong>a</strong></span> <span class='ocrx_word' id='word_1_322' title='bbox 1007 4350 1103 4411; x_wconf 91' lang='lat' dir='ltr'><strong>Dario</strong></span> <span class='ocrx_word' id='word_1_323' title='bbox 1116 4335 1266 4391; x_wconf 49' lang='lat' dir='ltr'><strong>fbf-&#39;¹¹⁴‘</strong></span> 
     </span>
     <span class='ocr_line' id='line_1_40' title="bbox 147 4448 1102 4529; baseline 0.001 -21"><span class='ocrx_word' id='word_1_324' title='bbox 147 4468 212 4528; x_wconf 89' lang='lat' dir='ltr'><strong>rege</strong></span> <span class='ocrx_word' id='word_1_325' title='bbox 226 4450 389 4529; x_wconf 85' lang='lat' dir='ltr'><strong>majoribus</strong></span> <span class='ocrx_word' id='word_1_326' title='bbox 401 4452 461 4510; x_wconf 84' lang='lat' dir='ltr'><strong>suis</strong></span> <span class='ocrx_word' id='word_1_327' title='bbox 475 4449 514 4510; x_wconf 86' lang='lat' dir='ltr'><strong>ad</strong></span> <span class='ocrx_word' id='word_1_328' title='bbox 526 4450 678 4511; x_wconf 83' lang='lat' dir='ltr'><strong>Euxinum</strong></span> <span class='ocrx_word' id='word_1_329' title='bbox 699 4448 833 4509; x_wconf 87' lang='lat' dir='ltr'><strong>Pontum</strong></span> <span class='ocrx_word' id='word_1_330' title='bbox 847 4448 1020 4529; x_wconf 84' lang='lat' dir='ltr'><strong>satrapiam,</strong></span> <span class='ocrx_word' id='word_1_331' title='bbox 1036 4466 1102 4528; x_wconf 86' lang='lat' dir='ltr'><strong>per·</strong></span> 
     </span>
    </p>
   </div>
   <div class='ocr_carea' id='block_1_9' title="bbox 0 0 1659 5225">
    <p class='ocr_par' dir='ltr' id='par_1_15' title="bbox 0 0 1659 5225">
     <span class='ocr_line' id='line_1_41' title="bbox 0 0 1659 5225; baseline 0 0"><span class='ocrx_word' id='word_1_332' title='bbox 0 0 1659 5225; x_wconf 95' lang='lat' dir='ltr'><strong> </strong></span> 
     </span>
    </p>
   </div>
  </div>
 </body>
</html>
