3300 5225
170 741 222 798 43.
244 733 325 797 Hac
336 732 618 799 dicentarnvStatira
628 732 850 807 conuolabatur,
863 734 985 796 fratrem
994 730 1083 795 nul

129 846 286 896 excusans.
327 844 336 871 ‘
349 832 480 896 Summae
492 832 630 907 somme,
637 835 725 897 sicuti
737 834 917 915 ungularem
929 835 1083 907 honorem,

129 935 306 1013 potentiam,
324 932 458 1013 gloriam,
471 934 516 994 ita
532 952 588 995 nec
605 932 743 1013 vulgares
764 932 916 994 molestiae
934 932 1084 1015 adjacere.

130 1030 267 1093 Deorum
290 1032 444 1113 imperium
469 1033 501 1092 in
524 1052 619 1112 regen,
645 1015 895 1113 quemadmodum
916 1030 947 1091 in
970 1040 1087 1093 ceteror

130 1130 267 1191 bominee
284 1138 460 1212 potestatem
478 1150 591 1210 regrum,
609 1148 683 1191 enac.
725 1126 858 1190 Nullum
870 1136 956 1189 tanta
968 1130 1088 1211 eapien-

131 1228 177 1287 tia
196 1235 250 1287 aut
265 1226 424 1308 prudentia
440 1247 572 1310 unquam
587 1228 732 1303 extitime,
753 1234 789 1288 ut
806 1226 987 1289 destinatum
998 1227 1056 1287 ribi
1069 1244 1090 1287 a

131 1324 299 1405 potentiore
312 1325 425 1385 exitum
438 1326 532 1386 vitare
545 1326 684 1407 quiverit.

175 1427 227 1482 44.
249 1420 391 1484 ‘idcirco
416 1424 536 1485 minime
566 1423 773 1506 imputandum
805 1421 991 1494 Mithridati,
1024 1422 1089 1483 aive

132 1517 216 1599 quod
229 1520 309 1583 vinci
322 1520 469 1593 debuerit,
490 1521 625 1583 omnibus
641 1520 750 1582 inmun
768 1519 909 1589 tentabar
931 1520 995 1581 eive
1007 1516 1090 1600 qnod

132 1616 232 1677 victur
245 1615 349 1677 ultima
363 1618 436 1679 o'ura
448 1619 622 1703 providerit,
635 1627 670 1679 ut
682 1617 762 1699 quod
775 1637 894 1679 morum
911 1616 1022 1677 cervari
1031 1634 1091 1677 non

135 1722 250 1795 puroet,
274 1714 395 1776 boneete
416 1714 522 1777 naitem
545 1724 577 1776 et
597 1716 629 1776 in
652 1715 790 1777 libertate
812 1722 984 1775 moreretru.
1024 1711 1093 1774 Sibi

132 1830 257 1892 qnoque
269 1812 389 1873 minime
403 1812 504 1873 iaetam
522 1822 646 1875 mortem
663 1833 737 1875 ease.
778 1810 994 1872 Verumtamen
1013 1810 1092 1871 banc

133 1905 239 1979 maile,
258 1927 348 1989 qnam
363 1928 432 1991 quac
452 1909 586 1971 timenda
607 1919 704 1971 cenent
724 1910 756 1970 io
770 1916 948 1993 potestatem
963 1908 1093 1969 boatium

133 2004 332 2083 venientibus.
375 2004 414 2067 In
428 2005 512 2067 bello
524 2007 634 2068 nemini
648 2009 741 2089 parci.
784 2004 903 2067 Mnitoe
914 2004 991 2066 adeo
1004 2006 1100 2065 inter-¹

134 2100 239 2163 venire
251 2121 348 2173 carun,
365 2102 475 2184 quibus
485 2102 662 2165 vilissimum
675 2103 796 2185 quidem
808 2102 944 2163 calonem
956 2107 1094 2163 ooircerc

136 2198 394 2279 nemusquidem
415 2200 575 2281 imperator
592 2201 694 2283 poeait.
735 2198 824 2281 Saepe
841 2207 873 2260 et
888 2198 974 2270 aliae,
987 2207 1020 2258 et
1035 2198 1095 2258 boc

134 2293 219 2355 bello
244 2294 404 2369 audivisse,
428 2306 543 2378 quanta
561 2298 594 2358 in
621 2298 718 2377 captia
739 2297 864 2359 urbibus
884 2316 949 2356 erae
971 2294 1096 2356 licentia

135 2392 252 2465 militis,
265 2402 380 2473 quanta
390 2414 460 2455 cum
473 2393 649 2455 crudelitate
662 2394 756 2456 libido
765 2394 871 2455 soleat.
893 2391 960 2453 Sibi
972 2390 1095 2474 quidem

135 2488 188 2549 vei
208 2488 318 2551 miliien
338 2492 414 2553 mori
434 2493 528 2553 catius
543 2512 618 2563 κιο,
638 2512 729 2572 quam
749 2500 785 2552 ut
804 2491 894 2564 bano,
915 2508 974 2550 non
994 2488 1094 2550 dicere

134 2594 258 2660 nortem,
274 2586 390 2650 sedvel
403 2587 567 2673 periculum
579 2589 695 2650 rubeat.

179 2691 231 2746 45.
242 2694 263 2726 ·‘
276 2684 350 2746 Non
364 2686 453 2766 igitur
472 2685 711 2748 maledicendum
726 2705 789 2748 enne
801 2684 898 2757 fratri,
910 2685 963 2766 qui
975 2682 1094 2764 sangni-

389 586 495 641 urnnr
520 584 986 671 xourncurrnnunururr.
1157 564 1246 637 4827

1619 1185 1620 1232 i

139 2800 210 2842 nem
223 2802 320 2856 auum,
332 2803 385 2865 per
398 2783 596 2864 longissimam
606 2793 772 2866 temporum
785 2784 891 2843 seriem
902 2780 1065 2842 deductum
1074 2793 1104 2840 a·

136 2879 269 2959 regibus,
281 2881 477 2942 contaminari
488 2889 542 2942 aut
552 2881 660 2942 servire
673 2879 757 2943 nolit.
800 2878 862 2940 Sed
874 2879 985 2958 gratian
996 2877 1096 2961 potius

137 2975 271 3055 agendae
290 2979 418 3051 curanti,
439 2986 484 3051 ut,
503 2987 650 3061 quatenus
663 2977 799 3039 omnibus
815 2973 1096 3049 molendiniiberari

139 3073 322 3154 nequirent,
344 3077 483 3137 maximin
514 3084 594 3138 certe
627 3083 660 3136 et
692 3073 871 3154 graviaimia
902 3073 1095 3155 eriperentur.

139 3169 289 3251 Magnum
310 3171 340 3233 in
361 3194 399 3236 eo
412 3173 534 3235 fraterni
547 3173 806 3254 amoriacurorque
818 3172 971 3253 specimen
988 3171 1095 3240 inemo,

138 3267 193 3328 ned
205 3277 238 3329 et
248 3289 319 3330 rere
331 3271 404 3350 regii
424 3271 527 3342 animi,
541 3271 622 3352 quod
635 3270 712 3332 inter
728 3290 796 3331 auos
807 3288 894 3330 cnam
909 3267 1097 3346 laboresque,

138 3367 179 3428 de
189 3386 322 3428 aoromm
335 3367 480 3450 periculo,
494 3368 592 3451 deque
610 3367 716 3429 domne
734 3387 796 3429 ωε
809 3366 957 3446 dignitate
969 3362 1098 3444 cogitat-

139 3473 196 3528 net.
238 3464 351 3547 Neque
365 3466 490 3528 dubium
499 3487 575 3541 enne,
590 3469 662 3549 quin
675 3466 757 3527 aliud
771 3465 847 3528 nibii
860 3464 970 3528 viderit
986 3482 1041 3545 pro
1052 3460 1099 3521 bia

139 3562 257 3624 meiius.
300 3562 385 3624 Nom
403 3563 509 3626 eadem
526 3565 669 3626 mandata
691 3563 808 3626 dedisce
831 3561 870 3624 ad
891 3579 1010 3634 uxoreo,
1024 3580 1099 3643 quaa

140 3661 244 3742 utique
270 3681 329 3722 non
355 3662 487 3725 odinaet'
537 3661 616 3724 Post
636 3663 702 3725 hmo
721 3670 753 3724 et
772 3661 848 3724 talia
868 3661 1099 3731 uerbasoumto
1235 3736 1238 3743 Ι

141 3777 270 3831 veneno,
280 3759 459 3822 exanimatae
471 3767 550 3821 nunt.

182 3860 235 3916 46.
257 3854 340 3916 Herc
352 3855 456 3917 audita
467 3875 589 3918 moerore
601 3857 765 3920 affecerunt
783 3853 954 3926 Lucullum,
968 3851 1097 3914 clemen·
1110 3871 1178 3923 Plo«.

141 3959 203 4012 tem
224 3952 331 4026 ubam,
354 3962 387 4013 et
411 3952 547 4036 plurimae
576 3955 785 4024 humanitatia3
813 3951 971 4036 praefectos
1000 3957 1101 4011 antem

144 4047 343 4123 Mithridatia,
361 4051 446 4113 reiut
469 4053 553 4131 signo
576 4052 660 4125 dato,
674 4051 714 4114 ad
734 4049 881 4113 tradenda
898 4049 1007 4130 quibua
1024 4064 1099 4128 pruc-
1111 4060 1221 4128 Appiae.

143 4153 229 4205 ment
258 4147 407 4228 proenidia,
430 4149 534 4231 paucis
559 4149 705 4232 exceptio,
735 4146 959 4217 incitaverunt,³
986 4142 1100 4204 ultima
1127 4158 1265 4212 samara.

144 4241 329 4306 neccrdtatir
342 4244 373 4307 id
386 4246 502 4309 facinus
513 4265 577 4307 eree
590 4253 769 4328 reputantes.
812 4241 957 4306 Lacullm
978 4229 1207 4342 Mithri-'mh

431 4468 446 4514 t
464 4461 580 4515 imitavit
590 4461 650 4516 edd·
662 4471 723 4515 ante
736 4463 813 4514 Crer.
