3300 5225
389 501 479 570 44162
870 519 905 568 r.
930 519 1025 568 mvn
1155 551 1162 570 .

515 687 519 694 ·
558 680 665 722 censeo
678 661 821 744 pleraque
837 662 939 723 omnis
954 681 1023 742 quie
1034 659 1074 722 de
1088 659 1199 722 Faunis
1210 667 1301 741 etque
1313 659 1513 744 AEgipsnlttm

560 759 700 839 exempla
718 757 894 820 referuntur.

413 859 548 910 Hieronis
602 862 651 920 17.
673 855 725 915 Ne
738 855 794 918 hoc
806 855 926 936 quidem
939 853 1118 935 exceperim,
1129 854 1210 934 quod
1223 853 1360 915 Antonio
1370 855 1514 916 solitarie

397 925 531 1054 Xiss‘ff’w'·
561 953 631 1013 site
650 953 812 1033 principem
827 952 974 1012 Psullurn
987 952 1141 1031 querenti,
1163 951 1372 1013 homunculum
1390 952 1517 1012 sennen

562 1049 693 1120 neribus,
714 1049 810 1108 fronte
829 1049 968 1111 cornibus
985 1057 1133 1130 sspersts,
1153 1068 1222 1108 cum
1241 1051 1370 1130 cuprinis
1389 1048 1518 1130 pedites

562 1145 720 1206 occurrisse
735 1129 869 1214 innunt:
892 1145 1161 1225 interrogatumque
1174 1146 1258 1221 (nem
1269 1147 1364 1205 verbs·
1377 1147 1444 1228 ipss
1460 1163 1517 1225 po*

539 1247 646 1321 susm)
660 1239 859 1322 respondisse:
880 1249 890 1278 ⁴
907 1240 1047 1302 Mortalis
1058 1261 1115 1320 ego
1127 1263 1203 1312 eum,
1216 1251 1248 1302 et
1264 1263 1341 1302 uusss
1350 1263 1392 1303 ex
1405 1241 1520 1304 secolie

562 1339 665 1410 merui,
678 1359 754 1418 quos
765 1357 844 1398 veno
855 1337 961 1398 deluss
972 1357 1067 1398 errore
1080 1337 1231 1418 gentilitus
1244 1338 1375 1411 Fuunos,
1384 1349 1520 1421 mysos-

564 1455 634 1516 que,
654 1443 685 1494 et
705 1437 828 1496 incubos
845 1455 957 1496 vocene
975 1433 1059 1495 colit.
1111 1434 1274 1514 Legatiom
1295 1436 1402 1516 fungor
1420 1438 1523 1516 gregis

564 1533 640 1592 mei:
662 1551 826 1613 precemur,
841 1539 876 1592 ut
895 1552 949 1612 pro
962 1531 1048 1591 nobie
1063 1551 1249 1593 communem
1264 1532 1364 1594 Deum
1375 1531 1523 1614 deprece-
1617 1556 1618 1571 ¹

538 1703 542 1709 Ι
566 1630 616 1700 rie,
637 1647 727 1709 quem
755 1649 808 1710 pro
835 1628 931 1688 selute
951 1628 1054 1688 muudi
1074 1629 1189 1688 venisse
1207 1632 1410 1709 cognovimus,
1433 1631 1521 1690 etin

566 1726 730 1788 universum
748 1735 857 1786 terrem
877 1727 953 1786 exiit
969 1746 1057 1786 sonus
1076 1726 1162 1805 ejus?
1203 1726 1285 1788 Hac
1299 1727 1449 1790 dicentem
1465 1747 1523 1788 vo·

565 1821 640 1884 lueri
659 1823 811 1884 celeritete
830 1822 986 1903 ιιιῆιςίεεε.

579 1953 584 1970 ·
609 1928 658 1982 18.
679 1922 758 1989 Quis
771 1922 836 1982 hmc
853 1920 982 1982 ludibris
1001 1923 1063 1982 sive
1081 1920 1171 1981 sstuti
1185 1919 1339 1993 demonic,
1351 1921 1414 1981 sive
1426 1937 1524 1997 nup-

567 2026 664 2078 torum
677 2019 830 2079 hominum
848 2038 907 2080 non
921 2016 1145 2099 deprehendet?
1186 2017 1291 2089 Illum,
1303 2017 1430 2091 scilicet,
1444 2037 1525 2078 mor-

568 2115 671 2186 telem,
686 2116 818 2196 quisquis
837 2115 958 2176 tsndem
979 2122 1033 2175 sut
1046 2115 1173 2194 cujutis‘
1184 2115 1285 2186 fuerit,
1298 2116 1449 2196 praecise
1459 2134 1526 2194 qus

569 2214 743 2274 trsneiturus
764 2223 840 2274 esset
857 2212 1027 2282 Antonium
1049 2233 1191 2292 cognosse
1213 2231 1272 2272 uon
1292 2221 1381 2272 entee
1404 2215 1523 2281 rimms

570 2329 607 2370 eo
619 2329 751 2370 sermone
763 2329 824 2390 quo
839 2309 966 2387 intelligi
979 2317 1088 2390 posset,
1103 2308 1266 2368 sllocutum
1276 2310 1361 2368 ossei
1403 2307 1527 2368 Deinde

571 2407 721 2485 negotium
734 2408 830 2488 ipsum
842 2427 932 2488 quem
947 2407 1096 2488 ineptum!
1119 2405 1229 2485 legetio
1249 2407 1410 2488 unius'pro
1429 2409 1525 2468 omni-

571 2502 638 2574 bus,
652 2505 703 2583 qui
717 2503 850 2574 fortusse,
864 2524 900 2563 ue
914 2503 1081 2574 simulent
1097 2501 1197 2584 plures
1212 2505 1359 2574 venirent,
1377 2523 1452 2564 curu
1470 2503 1525 2564 do·

572 2601 758 2661 mestieerum
778 2622 875 2663 rerum
897 2601 1113 2662 sttiuebenturl
1157 2599 1277 2662 Deinde
1290 2601 1407 2683 petitio,
1421 2604 1522 2664 nescio

572 2697 690 2758 stultior
698 2718 735 2757 en
744 2698 905 2770 scelestior,
912 2698 1064 2758 Christum
1072 2697 1367 2779 prosedeprecendi:
1378 2700 1527 2779 quesisut

573 2794 622 2855 hic
637 2804 803 2876 satyrorum
820 2814 911 2855 ceusu
927 2804 1063 2855 naturum
1081 2795 1239 2855 lrumsnem
1251 2796 1453 2866 usenmsissm
1476 2806 1526 2857 sut

575 2891 645 2964 illis,
658 2892 683 2951 si
697 2891 735 2952 ed
749 2912 780 2952 ee
794 2893 939 2973 pertinere
953 2892 1010 2951 hoe
1022 2889 1200 2952 beneficium
1211 2891 1415 2963 credidissent,
1427 2891 1526 2953 Anto-

575 2989 640 3047 nius
653 2988 756 3049 fuisset
773 2987 987 3070 expectandus,
1000 3008 1055 3048 nec
1072 2989 1150 3048 intre
1162 2996 1307 3049 trecentos
1319 3008 1413 3049 ennos
1428 2988 1524 3049 Deum

576 3095 629 3146 sut
645 3105 697 3166 per
718 3106 749 3145 se
772 3086 948 3166 potuissent,
969 3093 1023 3146 eut
1042 3104 1094 3165 per
1114 3084 1189 3145 ulios
1207 3086 1349 3145 exorere!
1393 3084 1469 3158 Sed,
1490 3106 1527 3145 ne

563 3190 675 3241 cetere
688 3183 902 3254 examinemus,
915 3183 978 3263 ipse
989 3202 1108 3263 queque
1122 3191 1184 3241 tem
1196 3182 1286 3243 velox
1299 3182 1457 3251 discessm
1470 3202 1530 3241 non·

578 3287 735 3359 expecteto
748 3298 896 3360 responso,
909 3280 1019 3358 turguit,
1033 3286 1086 3338 eut
1100 3279 1215 3338 senetui
1231 3279 1401 3360 populoque
1412 3290 1529 3359 satyro·

579 3394 644 3434 rum
656 3396 717 3435 ren
731 3378 818 3436 ietsm
835 3374 917 3437 heud
936 3396 1006 3435 sene
1026 3373 1108 3435 cordi
1130 3374 1236 3445 inise3
1258 3389 1313 3435 sut
1327 3374 1525 3435 stulc'mimmn

579 3492 670 3534 uuum
690 3474 821 3535 omnium
838 3482 986 3535 oratorem
1006 3471 1165 3545 delectum,
1183 3474 1235 3552 qui
1255 3480 1369 3533 mntem
1388 3492 1451 3536 reru
1466 3482 1525 3531 tem

581 3570 762 3649 negligenter
774 3572 879 3651 egerit.

482 3680 488 3695 ·
621 3674 671 3727 19.
694 3666 836 3746 Ejusdem
859 3668 973 3748 generis
995 3666 1048 3728 ille
1067 3664 1187 3726 Silenus
1204 3664 1263 3725 luit
1281 3667 1321 3743 (si
1336 3666 1533 3749 Theopenpti

421 3827 455 3861 m
583 3762 661 3823 chio
675 3766 793 3844 egregio
805 3764 966 3825 lebulstori
979 3784 1038 3825 non
1051 3762 1172 3823 omuino
1188 3760 1362 3842 denegando
1381 3764 1457 3825 fides
1473 3768 1527 3848 est)

458 3846 466 3865 ’
510 3846 518 3865 ’
583 3862 636 3940 qui
651 3861 746 3921 Midae
764 3862 826 3941 regi
841 3862 937 3923 mults
954 3862 1104 3943 exposuit,
1122 3858 1199 3919 lelse
1214 3861 1335 3940 quidem
1351 3863 1463 3936 omnis,
1476 3860 1527 3920 sed

586 3958 750 4022 mirabilem
771 3959 913 4021 habentis
931 3958 1155 4020 similitudinem
1179 3959 1262 4018 veri:
1284 3980 1343 4020 non
1365 3980 1434 4021 eum
1452 3960 1526 4027 dice,

586 4076 652 4135 quae
670 4058 822 4117 veritatem
840 4058 959 4130 docest,
978 4056 1030 4117 sed
1049 4074 1118 4135 quae
1141 4052 1259 4115 eliunde
1276 4058 1426 4136 cognitum
1443 4057 1528 4138 punit

586 4152 624 4212 sd
639 4152 749 4213 sebulse
764 4155 934 4236 opinionem
950 4153 1110 4215 sddueere.

610 4278 629 4331 ’θ
648 4298 753 4364 crustis]
769 4285 898 4352 Usitstins
915 4308 985 4354 esset
1002 4300 1076 4364 eujus.
1111 4294 1163 4347 Sed
1180 4296 1335 4350 smummos
1355 4298 1450 4351 secturi
1463 4301 1529 4348 snut

586 4362 787 4419 Freinshemius.
807 4368 878 4418 cren.
1005 4404 1012 4417 .
