3300 5225
201 908 1135 1128 supptementum

547 1289 684 1357 LIBRI
721 1291 805 1359 XC.

450 1525 890 1609 HISTORIARUM

260 1775 322 1866 T.
375 1778 591 1872 LIVII
649 1781 1072 1878 PATAVINI.

516 2081 815 2094 mna—-

123 2319 145 2376 l·
167 2293 251 2382 Res
272 2323 375 2404 populi
390 2323 521 2385 Romani
537 2324 584 2385 M.
602 2323 727 2406 Lepido,
741 2323 783 2392 Q.
800 2323 913 2384 Catulo
930 2322 1060 2384 consuli·
1078 2331 1212 2384 Sattlttst.

120 2417 192 2488 bus,¹
216 2441 251 2482 ac
270 2419 390 2492 deiude,
413 2423 525 2510 militiae
546 2431 579 2483 et
598 2423 680 2483 domi
699 2431 807 2502 gestes,
830 2423 937 2482 amisso
960 2421 1057 2494 livio,
1072 2414 1092 2448 ¹·
1105 2403 1128 2448 ¹·

117 2517 179 2578 satis
199 2539 237 2578 ex
262 2519 452 2580 sallustianis
470 2521 598 2580 historiis
618 2520 729 2581 licebat
747 2539 933 2598 cognoscere,
954 2519 1010 2578 uisi
1027 2529 1058 2579 et

74 2662 78 2672 .
116 2612 176 2673 illes
199 2615 277 2681 idem
297 2620 415 2678 omnino
432 2619 526 2679 fatum
548 2619 728 2679 abstulisset.
771 2617 903 2689 Idcirco,
926 2616 1058 2677 fontibus

115 2711 259 2785 obturatis,
276 2735 315 2774 ex
329 2714 429 2775 rivulis
442 2725 495 2776 aut
508 2718 596 2777 etiam
607 2716 722 2777 lacunis
736 2716 792 2775 ista
802 2716 888 2776 nobis
894 2716 1057 2775 haurienda
1075 2746 1080 2751 ¹

114 2819 190 2869 sunt:
203 2812 244 2872 sic
257 2813 375 2872 interim
389 2813 507 2875 sordida
516 2834 657 2895 coenoque
671 2813 832 2895 permixta,
845 2814 940 2873 utrix
950 2833 1056 2892 magno

112 2907 200 2969 studio
213 2919 244 2969 et
260 2910 423 2971 attentione
440 2910 590 2992 percolata
610 2911 787 2991 liquescant.
830 2908 892 2970 Sed
913 2930 977 2980 nos,
995 2930 1056 2990 qua

113 3006 262 3081 poterimus
281 3007 432 3078 industria,
451 3019 546 3090 coepto
565 3008 739 3084 insistentes,
754 3029 773 3069 a
788 3016 883 3068 morte
902 3008 937 3069 L.
959 3006 1054 3089 Syttae
1067 3026 1122 3077 u..
1135 3027 1202 3093 epit.

112 3100 185 3163 velut
196 3124 304 3165 novum
318 3107 434 3166 initium
447 3106 605 3167 ordiemur.
647 3104 732 3167 Nam
748 3106 790 3166 ibi
807 3107 912 3166 iterum
930 3126 1053 3167 conver·
1081 3121 1148 3199 Ap·
1181 3158 1190 3175 ,

111 3197 149 3257 sio
171 3202 309 3281 quedam
329 3203 501 3285 reipublice
522 3201 604 3264 facta
623 3212 678 3275 est,
701 3212 733 3264 et
752 3204 882 3264 auctoris
899 3203 1052 3265 voluntate
1065 3140 1215 3305 ⁰}ss-

110 3292 235 3375 deposita
260 3298 359 3360 brevis
384 3300 441 3361 tesi
466 3298 629 3361 dominatio
656 3308 748 3360 morte
775 3300 867 3381 ipsius
889 3298 978 3380 plane
998 3320 1052 3361 ex·
1065 3323 1122 3369 ,,ι,

110 3390 204 3455 tincta.

143 3494 171 3549 2.
192 3490 321 3554 Morbus
338 3494 437 3573 igitur,
458 3514 518 3573 quo
540 3491 627 3573 Sylla
643 3492 740 3573 periit,
755 3491 875 3552 minime
887 3492 1052 3553 communis
1077 3494 1214 3562 PlutSytl.

108 3582 166 3655 lati,
176 3588 227 3649 sed
238 3590 396 3669 singularis
408 3588 561 3679 cujusdam
574 3588 717 3649 loeditetis
730 3597 818 3670 atque
832 3588 970 3670 supplicii
982 3587 1049 3660 tuit,
1062 3565 1205 3683 ‘bl-¹3⁸3&

107 3684 333 3747 exuberantibus
345 3687 507 3770 pediculis3
522 3687 621 3767 utqui
635 3694 681 3748 tot
694 3686 788 3746 millia
796 3686 907 3746 civium
914 3686 1050 3765 cognati·
1061 3704 1084 3737 c·
1092 3694 1122 3767 p·

106 3798 157 3859 que
173 3785 324 3863 sanguinis
342 3784 494 3845 hominum
514 3784 655 3844 inauditis
673 3783 853 3844 cruciatibus
867 3784 1049 3863 peremisset,
1060 3753 1215 3805 mm

104 3878 227 3955 ejusdem
245 3876 338 3953 artus,
356 3882 439 3943 velut
453 3883 592 3943 intestino
605 3880 696 3951 bello,
716 3881 755 3941 ab
772 3878 838 3951 illo,
854 3900 943 3960 quem
958 3900 1050 3959 genu-

102 3985 196 4047 erant·
217 3977 463 4039 animalculorum
489 3979 624 4039 exercitu
650 3976 855 4058 diriperentur.
896 3976 953 4036 est
969 3968 1048 4035 enim

103 4073 228 4151 prolecto
246 4075 341 4146 Deus,
354 4078 407 4157 qui
426 4096 576 4158 nunquam
593 4076 712 4156 impune
730 4073 891 4154 spernitor;
912 4081 955 4143 et,
976 4071 1049 4133 licet

102 4172 261 4233 acerbiores
274 4193 374 4253 poenas
386 4173 415 4232 in
427 4172 510 4234 aliud
520 4192 614 4233 aevum
628 4168 913 4251 justissimusjudex
925 4188 1045 4249 seposu-

102 4266 161 4339 erit,
179 4270 262 4351 quod
283 4270 394 4332 includi
411 4271 561 4353 presentis
581 4268 723 4350 angustiis
739 4274 897 4347 nequeant,
909 4286 987 4347 saepe
999 4274 1046 4327 ta·

364 4473 379 4503 '
397 4471 431 4524 Α.
442 4472 475 4523 tJ.
489 4472 520 4523 C.
530 4474 588 4523 tiu.
622 4469 654 4521 Α.
665 4470 745 4521 078.
