3300 5225
474 977 1411 1190 SUPPLEMENTUM

811 1377 951 1448 m
982 1377 1061 1446 GH·
1222 1310 1224 1322 ,

722 1649 1171 1729 HISTORIARUM

513 1983 521 1992 -
572 1916 633 2005 T.
679 1917 880 2009 'LIVII
931 1916 1319 2008 PATAVINI.

815 2205 1081 2220 *a

410 2464 478 2512 Pina
561 2439 590 2510 l.
610 2425 784 2513 lurum
799 2449 964 2530 Pompeius
977 2450 1007 2508 in
1023 2450 1165 2512 minorem
1178 2450 1353 2510 Armeniam
1366 2469 1513 2519 reversus,

395 2533 546 2600 Pfflbffl·
558 2547 663 2610 obvios
675 2545 879 2629 Elymaeorum
901 2546 1120 2630 Medorumque
1138 2546 1253 2629 legatos
1271 2547 1388 2619 babuit,
1409 2547 1513 2606 amiei-

557 2647 631 2707 tiam
644 2645 824 2727 petentium:
846 2644 955 2724 quibus
968 2644 1020 2706 ille
1034 2646 1184 2727 respoudit
1201 2647 1336 2716 comiter,
1351 2644 1514 2725 litemque

513 2807 517 2811 g
558 2742 662 2823 plenas
673 2737 865 2801 humanitatis
874 2740 913 2801 ad
924 2760 1006 2821 reges
1019 2740 1110 2803 dedit.
1153 2742 1302 2803 Phraates
1310 2742 1402 2802 etiam
1414 2742 1513 2802 Pom-

411 2841 471 2893 Dio,
559 2839 618 2919 peii
639 2848 723 2918 gesta
742 2838 957 2923 fortunamque¹
969 2839 1080 2899 veritus
1103 2840 1202 2919 (cujus
1220 2849 1252 2900 et
1270 2840 1362 2918 legati
1385 2860 1440 2921 per
1458 2841 1513 2901 ab·

397 2917 504 2961 “¹⁸¹⁸
558 2937 684 2995 sentiam
703 2936 889 3017 imperatoris
908 2934 1051 3016 quioquid
1068 2937 1098 2996 iu
1118 2936 1263 2997 Armenia
1283 2937 1447 3018 Pontoque
1465 2936 1514 2996 fu·

559 3042 625 3095 erat
637 3032 784 3114 reliquum
796 3032 985 3112 subegerant,
1004 3043 1036 3093 et
1049 3032 1199 3099 Gabinius
1216 3034 1369 3116 Euphrate
1389 3036 1513 3095 tranuito

554 3136 621 3213 jam
634 3130 673 3192 ad
685 3129 787 3209 Tigrin
801 3134 989 3210 pervenerat)
1003 3130 1042 3191 de
1055 3131 1225 3192 renovanda
1237 3133 1379 3193 societate
1392 3142 1426 3192 et
1438 3134 1513 3193 ami-

559 3232 633 3291 citia
652 3228 833 3307 legationem
854 3228 941 3289 misit.
984 3225 1072 3289 Nihil
1097 3230 1306 3312 impetratum:
1326 3230 1400 3311 quia
1420 3228 1515 3290 fidem

560 3328 618 3388 sibi
635 3327 801 3407 Pompeius
822 3326 947 3406 superbe
970 3324 1076 3405 legatis
1098 3326 1300 3408 responderat,
1321 3328 1415 3388 etiam
1434 3326 1512 3387 Gor-

560 3422 658 3504 dyene
669 3426 807 3504 repetita,
820 3420 860 3482 de
873 3442 934 3502 qua
944 3442 1012 3483 oum
1029 3423 1159 3504 Tigrane
1178 3424 1329 3486 Phraates
1339 3424 1513 3487 dimicabat

562 3518 631 3579 Illis
643 3518 718 3578 nibil
728 3515 767 3577 ad
780 3518 838 3579 boo
853 3520 1064 3597 regerentibus,
1079 3540 1134 3581 neo
1146 3522 1225 3581 enim
1244 3520 1417 3583 mandatum
1428 3543 1513 3584 aoee-

561 3624 676 3699 perant,
685 3615 786 3674 literas
794 3614 926 3677 deditad
935 3616 1115 3687 Phraatem;
1128 3628 1352 3701 neoexpectato
1362 3640 1513 3703 responso,

543 3732 629 3793 ‘cum
642 3713 774 3772 exercitu
788 3709 952 3772 Afranium
962 3712 1049 3774 misit.

601 3816 631 3870 2;
654 3807 720 3870 Hie
732 3808 816 3869 nullo
828 3810 950 3890 negotio
970 3810 1080 3891 repulit
1099 3808 1241 3884 Parthos,
1262 3822 1294 3872 et
1307 3814 1393 3893 jussu
1419 3814 1512 3877 Pom-

560 3907 621 3989 peii
634 3905 813 3987 Gordyenen
829 3905 975 3967 Armenio
986 3908 1119 3969 restituit.
1152 3908 1231 3969 Cum
1245 3908 1354 3970 deinde
1368 3910 1514 3991 fugiam

559 4025 614 4085 per
631 4003 881 4084 Mesopotamiam
899 4004 939 4063 ad
958 4003 1111 4066 Arbelitis
1131 4024 1223 4087 usque
1244 4006 1451 4088 prefecturam
1470 4012 1512 4070 in-

560 4109 750 4182 sequeretur;
771 4101 938 4180 ignorantia
951 4100 1083 4163 locorum
1097 4103 1245 4163 aberravit
1257 4104 1347 4176 avia,
1361 4106 1512 4188 multaque

561 4218 615 4279 per
628 4198 758 4277 inopium
781 4206 812 4257 et
831 4198 966 4277 hyberna
978 4198 1089 4279 frigora
1101 4220 1215 4281 passus,
1236 4200 1315 4261 haud
1338 4203 1442 4283 procul
1460 4206 1512 4265 ab

562 4297 620 4358 fuit
631 4296 734 4365 exitio,
748 4295 804 4353 nisi
823 4293 978 4367 camboni,
1000 4296 1120 4358 colonia
1141 4296 1357 4371 Macedonum,
1378 4304 1512 4382 sxoepis-
1627 4336 1628 4345 κ

562 4403 628 4454 sent
649 4413 717 4453 eum
736 4401 828 4473 atque
848 4391 1049 4454 deduxissent.
1092 4395 1254 4469 Phraates,
1276 4406 1406 4459 ‘eontra
1424 4408 1513 4479 pacta
