3300 5225
417 539 525 592 crasi
549 540 647 593 xorr.
668 541 993 597 surenaunnrurr.
1185 533 1274 604 4⁷⁶1

150 679 215 744 Sed
229 683 444 766 propinquante
459 682 597 757 Metello,
612 684 760 746 Sertorius
767 683 881 748 dixisse
893 685 1004 749 ternant
1018 687 1109 750 ‘Nisi
1231 679 1237 692 ¹

152 799 230 840 anns
243 781 300 841 ista
311 781 535 862 supervenisset,
549 801 605 861 ego
618 783 696 842 bunc
708 801 833 864 puerum
842 784 1014 845 verberibus
1019 787 1109 846 cssti·

151 883 257 956 getam
270 875 403 938 Romam
413 877 608 938 dimisissem!
630 877 749 940 Idcirco
758 899 826 940 curn
839 879 956 941 dnobus
968 881 1108 962 congredi
1211 904 1220 925 ·

151 973 269 1046 nolens,
281 973 392 1036 dimisit
406 995 485 1047 snos,
499 975 678 1048 admonitos,
691 997 779 1057 quem
793 977 824 1036 in
838 976 938 1039 locnrn
949 980 1108 1041 convenire

151 1069 257 1132 vellet.
299 1071 363 1132 Eos
379 1073 456 1133 enim
481 1073 524 1134 ita
543 1071 655 1133 dudum
678 1072 887 1146 assuefecerat,
906 1083 941 1134 ut
962 1075 1003 1136 ad
1023 1075 1109 1137 ducis
1136 1077 1217 1129 rme

149 1167 308 1248 imperium
319 1168 485 1230 diffluerent
497 1177 550 1230 aut
562 1169 789 1250 colligerentur:
803 1180 837 1231 et
845 1172 919 1252 ipse,
929 1173 1106 1248 nuncsolus,
1117 1143 1271 1276 {iffflssgj

150 1283 203 1345 per
217 1263 287 1326 loca
303 1285 372 1346 quse
386 1265 522 1344 vagando
534 1263 731 1348 venandoque
743 1267 781 1328 de
801 1267 946 1329 industria
958 1289 1107 1350 pererrare

147 1371 356 1435 conmeverat,
374 1362 540 1444 pelaretur;
563 1383 642 1424 nunc
657 1371 776 1424 centum
788 1364 1004 1444 quinquaginta
1016 1366 1107 1428 milli·

149 1456 205 1518 bns
215 1467 398 1521 armetornm
410 1462 537 1541 stipatus
547 1459 705 1521 incederet
747 1503 754 1528 ,

188 1561 220 1615 5.
235 1555 286 1616 At
293 1555 470 1638 Pompeius,
482 1555 608 1618 Metello
617 1557 745 1618 venienti
755 1557 875 1619 honoris
883 1577 975 1621 carna
986 1560 1106 1622 obviam

146 1671 285 1734 pergens,
298 1653 350 1714 nbi
363 1655 393 1714 in
404 1663 567 1736 conspectu
575 1654 647 1725 luit,
657 1655 799 1716 summitti
813 1655 911 1716 fascea
922 1655 1105 1719 alietoribus

146 1749 216 1821 suis,
228 1758 264 1810 ut
272 1749 417 1829 dignitato
429 1751 581 1834 superiori,
589 1752 691 1832 jussit.
733 1750 880 1812 Metellus
888 1773 986 1834 neque
995 1753 1027 1813 id
1035 1773 1104 1836 pas·

145 1865 195 1906 sus
203 1857 252 1908 est
261 1845 338 1919 tisri,
353 1866 448 1928 neque
461 1847 523 1909 ulle
536 1849 565 1908 in
580 1849 779 1930 nequicquam
789 1850 943 1931 usurpavit
950 1853 1103 1933 precipui,

146 1939 202 2004 ni'si
215 1943 312 2026 quod,
332 1944 449 2026 quoties
470 1964 530 2007 una
546 1943 720 2018 tendebant,
738 1946 874 2006 universo
886 1948 1031 2010 exercitui
1044 1951 1103 2030 sig·

145 2058 216 2101 num
229 2042 272 2103 ab
285 2063 344 2104 uno
358 2041 486 2104 Metello
497 2042 636 2107 dabatur.
677 2041 812 2104 Consilio
825 2052 925 2106 umen
943 2047 1021 2106 senis
1036 2045 1102 2127 ple·

144 2158 272 2220 numque
289 2139 453 2222 Pompeius
470 2140 688 2222 acquiescebat,
702 2138 793 2220 digno
808 2141 885 2202 inter
903 2150 1004 2203 cetera
1020 2142 1102 2224 quod

144 2246 281 2296 narretur
292 2237 482 2299 documento.
522 2236 641 2298 lunctis
653 2245 777 2318 uterque
790 2239 886 2320 copiis
898 2258 977 2320 saepe
989 2237 1101 2321 diuque

144 2329 311 2396 Sertorium
332 2342 574 2416 provocaverant,
595 2343 699 2396 oonba
718 2334 793 2396 duos
812 2347 943 2418 pugnare
961 2355 1099 2398 recusan-
1112 2345 1264 2403 inserar.

136 2437 222 2502 ‘tems
244 2431 353 2504 donec,
374 2432 577 2512 animadverso
595 2433 704 2494 milites
722 2432 919 2506 Sertorianos,
935 2433 1100 2496 incredibili

142 2527 249 2590 ardore
276 2530 442 2602 instinctos,
467 2531 595 2590 humeris
619 2529 739 2603 exertis,
770 2528 939 2613 lanceisque
964 2531 1099 2605 vibratis,

142 2627 455 2710 pugnam-deposcere,
474 2627 620 2711 Metellus
640 2630 753 2709 recepit
765 2628 939 2700 exercitum,
958 2638 990 2691 et
1002 2629 1097 2691 Porn-

142 2725 211 2805 peio
224 2724 306 2787 idem
318 2724 452 2799 faciundi
465 2735 569 2801 auctor
581 2723 649 2786 luit

179 2827 213 2883 6.
243 2820 307 2884 Sed
329 2824 406 2884 inter
427 2822 586 2904 superioris
609 2840 716 2903 pugnae
742 2821 969 2903 trepidationem
990 2823 1098 2885 amissa
1108 2842 1250 2902 notun.

139 2938 230 2982 cerva
250 2918 382 2983 condida
402 2922 575 2981 macerabat
597 2919 772 2991 Sertorium,
785 2919 829 2980 ita
846 2928 880 2980 ut
896 2920 1097 3002 complurib·
1107 2940 1215 3008 Apprn,

140 3016 259 3090 diebus,
273 3036 331 3079 non
344 3018 407 3079 sine
421 3017 505 3079 irrisu
518 3017 656 3088 bostium,
675 3036 694 3077 a
706 3017 795 3078 rebus
811 3017 948 3096 gerendis
965 3018 1095 3081 abstine·
1107 3038 1258 3099 rmfflq

140 3126 196 3177 ret.
239 3112 327 3176 Nam
339 3114 379 3175 sd
393 3112 579 3175 inclinandcs
591 3132 652 3194 qno
665 3112 757 3177 vellet
765 3114 959 3175 barbarorum
971 3116 1095 3189 enimes,
1107 3137 1174 3190 nar.

139 3212 193 3274 illo
202 3210 342 3284 animali,
355 3212 440 3293 quati
450 3210 589 3273 mechms
598 3210 728 3291 quadarn
738 3212 886 3273 utebatur.
928 3210 1095 3277 Eratenirn

139 3311 246 3391 insigni
260 3308 366 3381 forma,
387 3308 488 3371 colore
505 3308 647 3381 candido,
663 3308 754 3373 etsie
771 3317 890 3369 assueta
905 3308 1047 3382 Sertorio,
1060 3319 1096 3371 nt

138 3406 258 3469 audiret
268 3414 437 3478 vocantem,
450 3414 627 3487 euntemque
639 3414 820 3486 sequeretur.
863 3404 959 3468 Hanc
970 3406 1024 3468 ille
1035 3406 1094 3468 Di·

138 3524 204 3567 anae
212 3504 326 3567 domm
339 3522 401 3566 esse
414 3502 558 3583 tingebat,
577 3510 610 3565 et
626 3502 837 3584 “perstitiose
849 3504 930 3583 genti
947 3503 1095 3585 quidlibet
1122 3505 1156 3557 Δ.
1166 3504 1234 3563 Get.

138 3600 339 3684 persuadebat
361 3601 400 3661 ab
427 3601 485 3662 bac
504 3620 558 3683 per
578 3600 709 3680 quietem
733 3598 861 3661 edoceri.
903 3599 975 3689 Sive
994 3575 1204 3689 bestesiil'm'²

137 3698 242 3782 aliqua
259 3702 423 3781 irrupturos
440 3707 634 3779 compererat,
653 3698 692 3759 ab
708 3697 765 3759 bac
779 3718 811 3759 se
823 3697 946 3760 dicebat
957 3688 1091 3759 admoni-

136 3808 218 3859 tun:
232 3799 297 3859 sive
310 3816 356 3857 res
369 3815 388 3856 a
399 3798 462 3857 suis
473 3796 549 3857 bene
567 3804 658 3876 gestae
670 3804 766 3867 erant,
779 3795 938 3857 occultatis
946 3795 999 3876 qui
1011 3806 1090 3857 retn-

97 3942 102 3957 ,
137 3895 244 3967 lerant,
262 3914 380 3957 cervam
401 3892 588 3975 producebat
605 3892 645 3954 ob
662 3892 791 3953 faustum
811 3892 946 3953 nuntium
964 3911 1090 3953 corona-

135 4001 210 4065 tam,
223 3992 413 4073 jubebatque
430 3992 570 4052 bonorem
582 3986 692 4051 babere
706 3988 775 4049 Diis
786 3990 848 4050 cito
860 3989 963 4050 laetnm
976 3988 1090 4069 aliquid
1112 4032 1116 4043 ,

135 4101 312 4171 granumque
334 4090 494 4151 audituros.
536 4087 685 4149 Sertorius
704 4088 793 4169 igitur
810 4107 868 4148 non
885 4105 1016 4157 cervam,
1036 4084 1089 4145 sed

135 4208 226 4269 qnam
240 4186 295 4249 illa
307 4186 488 4249 conciliabat
499 4185 660 4247 utilitatem
670 4186 780 4268 perisse
789 4183 912 4245 moleste
921 4183 1046 4245 terebat.

120 4338 123 4343 .
173 4292 204 4349 7.
228 4284 359 4357 Idcirco,
378 4304 447 4347 cum
459 4290 547 4347 nocte
560 4282 682 4364 quidem
694 4291 825 4343 errantes
837 4302 877 4343 ex
889 4281 990 4342 colore
1002 4282 1087 4360 agni·

134 4392 194 4444 tam
207 4381 509 4465 comprehendissent,
523 4381 690 4462 scirentque
706 4400 842 4460 magnam
859 4400 891 4440 se
909 4380 948 4443 ab
961 4380 1086 4461 impera·
