3300 5225
363 571 479 648 ἰιιιιιι
505 597 679 650 nxxxrv.
701 575 1027 652 surrnsussrun.
1166 585 1255 657 46⁶9

136 749 242 824 putes
262 741 448 822 optimatium
470 749 588 806 seeutm
607 748 683 814 erat,
704 740 784 802 lraud
804 741 1033 804 contemnendas
1048 743 1092 804 ibi

135 839 246 920 copias
256 838 404 907 babebat;
418 859 438 900 a
449 838 511 898 suis
522 846 554 898 et
565 838 657 920 patris
669 837 828 900 Numidici
838 838 995 902 clientibus
1011 839 1093 902 baud
1146 855 1150 860 ‘

136 937 272 1014 segniter
284 935 414 1016 adjutus.
455 934 635 996 Accesserat
648 933 695 995 Μ.
710 934 837 996 Crassus
848 935 1029 1010 adolescens,
1042 937 1094 1018 qui
1121 947 1190 996 Plus.

138 1031 218 1092 inter
232 1031 400 1094 cinnanum
412 1031 640 1112 Marianamque
653 1031 777 1105 rabiem,
790 1053 852 1113 qua
864 1042 948 1115 pater
958 1035 1026 1113 ejus
1036 1033 1095 1094 lra-
1107 1011 1218 1063 cmm·
1229 1015 1255 1061 ⁹·

139 1139 249 1210 terque
259 1137 328 1190 sunt
340 1129 477 1214 absumti,
489 1129 520 1188 iu
534 1127 715 1210 Hispaniam
728 1128 858 1210 elapsus,
872 1129 974 1191 multis
990 1131 1096 1190 mensi·

139 1229 200 1290 bus
221 1227 252 1287 in
277 1225 419 1306 spelunca
444 1224 575 1306 quadam
598 1225 737 1286 latrrerst
779 1225 825 1297 Is,
851 1227 972 1306 cognito
991 1227 1097 1291 Cinnas

139 1325 276 1394 interitu,
290 1343 455 1405 progressus
468 1323 499 1383 in
511 1323 619 1394 lucem,
632 1311 873 1384 concurrentibus
885 1324 924 1384 ad
937 1344 1005 1384 eum
1021 1323 1096 1385 mul·

139 1423 195 1493 tis,
215 1421 366 1480 hominum
379 1419 440 1480 duo
453 1418 548 1480 millia
560 1420 737 1501 quingentos
748 1429 932 1490 armaverat3
948 1430 980 1480 et
991 1421 1097 1482 civita·

140 1527 190 1580 tes
207 1517 320 1589 obiens,
333 1516 415 1597 quod
431 1537 499 1579 cum
513 1529 595 1603 patre
610 1525 734 1598 praetore
751 1517 861 1579 multos
878 1525 947 1578 aute
960 1537 1052 1579 annos
1068 1518 1099 1577 in

143 1613 301 1695 Hispania
314 1611 422 1684 luerat,
432 1613 582 1695 hospitum
594 1615 813 1694 amicorumque
826 1613 995 1676 voluntates
1007 1633 1100 1694 expe·

141 1710 287 1771 riebatur.
309 1707 393 1770 luter
404 1709 470 1770 brec
482 1729 551 1772 cum
563 1709 602 1770 de
617 1709 745 1770 Metello
754 1710 894 1782 audisset,
903 1731 995 1772 naves
1007 1709 1099 1791 adep·

142 1815 206 1878 tus,
221 1805 341 1866 adeum
354 1806 384 1866 in
396 1804 535 1868 Africam
547 1806 675 1887 trajecit.
717 1805 779 1868 Sed
800 1807 862 1869 ille
879 1806 1026 1868 bellorum
1046 1807 1101 1866 mi·

143 1927 206 1976 nse,
217 1913 361 1986 tanquam
373 1903 528 1965 nubeculae
541 1904 604 1964 siue
616 1911 791 1984 tempestate
801 1904 987 1964 bauderuna
1028 1903 1064 1964 N
1065 1924 1101 1963 ec

142 2003 290 2064 diuturne
306 2001 381 2080 inter
400 1999 559 2061 Metellum
579 1997 776 2080 crassamque
794 2000 954 2062 concordia
966 1999 1041 2060 luit:
1055 2019 1101 2060 re,

144 2099 279 2178 lictoque
292 2097 358 2169 illo,
371 2096 411 2158 sd
424 2095 540 2177 Syllam
554 2096 725 2157 adolescens
738 2095 888 2178 profectus
899 2106 965 2168 est3
989 2096 1100 2156 Metel·
1112 2111 1237 2174 LtvAEpit.

144 2195 212 2258 lum
226 2191 264 2255 G.
279 2193 391 2254 Fabius
405 2203 512 2276 praetor
526 2192 643 2274 expulit
655 2191 775 2270 Altius,
790 2213 961 2274 rursumque
975 2192 1100 2274 adpris-
1129 2175 1240 2242 Appias.

146 2293 229 2354 tinus
250 2292 281 2352 in
300 2289 456 2369 Liguribus
479 2288 606 2350 latebras
625 2290 744 2384 reverti,
766 2289 983 2371 adventumque
1006 2288 1102 2372 Sylla

147 2388 279 2471 opperiri
292 2387 400 2466 coligit.
1094 2430 1098 2439 ,

191 2493 222 2546 9.
252 2483 300 2546 At
312 2485 342 2544 in
356 2483 427 2544 urbe
441 2481 476 2542 L.
492 2480 633 2544 Cornelio
647 2480 797 2564 Scipione,
819 2483 859 2544 0.
872 2481 1021 2544 Norbano
1032 2503 1102 2544 oon·
1114 2507 1171 2559 ω,
1180 2505 1248 2570 Epir.

147 2581 294 2653 ssibus:
308 2579 453 2643 Carbonis
470 2579 562 2641 sectio
576 2578 781 2662 Marianseque
796 2589 895 2663 partes
913 2589 1105 2643 senatuscon·
1214 2632 1217 2635 .

147 2681 262 2743 saltum
276 2678 420 2751 lecerunt,
441 2688 495 2741 ‘ut
513 2699 614 2739 omnes
634 2673 743 2760 ubique
761 2681 910 2741 exercitus
923 2678 1106 2740 dimitteren-
1198 2706 1212 2735 ι

148 2778 222 2839 tur!
264 2776 357 2845 Quod
377 2777 402 2836 si
423 2786 499 2839 esset
519 2776 642 2848 lactum,
660 2776 790 2839 dubitari
808 2796 866 2837 non
886 2783 1013 2858 poterat,
1034 2776 1106 2857 quin

150 2894 280 2955 quorum
292 2874 323 2934 in
337 2894 426 2935 mauu
447 2872 486 2934 ad
506 2872 536 2932 id
549 2874 687 2954 temporis
699 2874 870 2955 respublica
881 2873 995 2946 fuisset,
1015 2893 1108 2954 penes

150 2970 273 3033 eosdem
299 2972 330 3031 in
353 2979 502 3051 posterum
522 2989 641 3051 quoque
664 2990 852 3051 permansura
873 2990 989 3031 summa
1012 2988 1109 3031 rerum

152 3075 241 3128 esset.
283 3066 437 3129 Praeterea
450 3066 605 3139 libertinis,
619 3068 670 3147 qui
684 3076 747 3127 tum
761 3066 868 3129 eadem
878 3068 1029 3129 annitente
1043 3066 1106 3127 lnc-

152 3164 236 3225 tione
246 3165 276 3242 in
287 3165 418 3245 quinque
428 3173 459 3224 et
469 3164 589 3243 triginta
601 3164 694 3225 tribus
701 3164 853 3227 distributi
860 3173 956 3238 aaut,
965 3166 1111 3245 novisque

150 3260 272 3323 civibus
284 3263 419 3323 omnibus
434 3260 473 3321 ad
485 3262 629 3343 quaelibet
638 3262 717 3323 usuri
728 3262 916 3337 videbantur.

194 3367 247 3421 10.
268 3358 339 3421 Nec
353 3368 451 3421 tamen
463 3380 499 3421 eo
510 3359 617 3431 secius,
635 3360 707 3433 quin
719 3380 777 3415 mn
789 3369 856 3415 erat
871 3359 1055 3442 ambiguum,
1069 3375 1108 3417 ne

153 3458 305 3519 sexcentis
317 3458 437 3537 quidem
452 3450 712 3515 maalmeonsultis
723 3452 865 3532 compelli
878 3450 997 3534 Syllam
1009 3451 1049 3512 nd
1061 3450 1109 3513 di·

154 3548 318 3611 mittendas
335 3550 438 3629 copias
449 3568 546 3629 pose,
556 3546 596 3607 ad
611 3548 765 3607 imminens
781 3547 894 3609 bellurn
910 3568 1027 3609 summe
1037 3567 1114 3609 con-
1120 3570 1229 3638 Appiis.

155 3632 287 3709 tentimm
307 3646 408 3707 omnia
422 3645 613 3730 parabantur.
652 3644 761 3707 Tantae
779 3645 913 3728 profecto
930 3666 1027 3707 rerum
1046 3665 1113 3715 om<

155 3746 239 3809 nium
260 3753 295 3806 et
313 3743 459 3825 praecipue
481 3741 609 3803 militum
629 3752 790 3805 contracte
809 3744 905 3826 copie
925 3753 1005 3815 sunt,
1023 3753 1059 3805 ut
1078 3745 1114 3803 in·

156 3841 377 3905 commentariis
385 3841 447 3903 suis
459 3838 547 3921 Sylla
556 3842 715 3922 scripserit,
728 3849 738 3878 ⁴
749 3862 780 3903 se
790 3843 931 3904 adversus
941 3840 1110 3924 quindecim
1120 3859 1256 3925 Plassyu.

157 3943 288 4025 partium
307 3939 497 4002 adversarum
518 3938 621 4012 duces,
636 3940 861 4028 quadringentis
872 3951 904 4004 et
914 3941 1113 4023 quadraginta

157 4037 331 4100 cohortibus
341 4039 507 4110 instructos,
522 4038 551 4097 in
563 4036 684 4099 Italiam
694 4040 910 4101 ammisse!
949 4038 1020 4099 Alii
1040 4048 1116 4098 ‘oo-e

159 4140 260 4199 noes
278 4137 349 4221 ipsis
360 4136 569 4219 quingenarius
582 4136 671 4198 fuisse
692 4137 835 4199 ducentas
846 4138 946 4199 satim
958 4139 998 4197 nb
1010 4136 1112 4197 initio’

161 4234 299 4299 trudunt:
328 4244 509 4317 ‘postesque
535 4243 656 4296 auctum
675 4256 743 4296 eum
761 4256 912 4299 numerum
928 4256 1008 4309 resse,
1031 4235 1112 4317 quod
1124 4248 1234 4315 Appias.

404 4492 407 4499 ·
465 4466 526 4519 Ἀ.
540 4466 823 4522 υ.0.669.Α.Ο.83.
