<?xml version="1.0" encoding="UTF-8"?>
<!DOCTYPE html PUBLIC "-//W3C//DTD XHTML 1.0 Transitional//EN"
    "http://www.w3.org/TR/xhtml1/DTD/xhtml1-transitional.dtd">
<html xmlns="http://www.w3.org/1999/xhtml" xml:lang="en" lang="en">
 <head>
  <title>
</title>
<meta http-equiv="Content-Type" content="text/html;charset=utf-8" />
  <meta name='ocr-system' content='tesseract 3.04.00' />
  <meta name='ocr-capabilities' content='ocr_page ocr_carea ocr_par ocr_line ocrx_word'/>
</head>
<body>
  <div class='ocr_page' id='page_1' title='image "./tliviipatavinih01rupegoog_0237.png"; bbox 0 0 3300 5225; ppageno 0'>
   <div class='ocr_carea' id='block_1_1' title="bbox 354 583 1237 652">
    <p class='ocr_par' dir='ltr' id='par_1_1' title="bbox 354 583 1237 652">
     <span class='ocr_line' id='line_1_1' title="bbox 354 583 1237 652; baseline -0.002 0"><span class='ocrx_word' id='word_1_1' title='bbox 354 605 457 652; x_wconf 79' lang='lat' dir='ltr'>ursui</span> <span class='ocrx_word' id='word_1_2' title='bbox 486 602 655 652; x_wconf 74' lang='lat' dir='ltr'>cxxxiv.</span> <span class='ocrx_word' id='word_1_3' title='bbox 680 601 1003 652; x_wconf 81' lang='lat' dir='ltr'>surruuusuruu.</span> <span class='ocrx_word' id='word_1_4' title='bbox 1147 583 1237 650; x_wconf 76' lang='lat'>4665</span> 
     </span>
    </p>
   </div>
   <div class='ocr_carea' id='block_1_2' title="bbox 112 742 1262 4217">
    <p class='ocr_par' dir='ltr' id='par_1_2' title="bbox 120 742 1073 834">
     <span class='ocr_line' id='line_1_2' title="bbox 120 742 1073 834; baseline -0.004 -27"><span class='ocrx_word' id='word_1_5' title='bbox 120 748 219 828; x_wconf 87' lang='lat' dir='ltr'>pictus</span> <span class='ocrx_word' id='word_1_6' title='bbox 231 753 285 806; x_wconf 87' lang='lat' dir='ltr'>est.</span> <span class='ocrx_word' id='word_1_7' title='bbox 328 743 371 804; x_wconf 85' lang='lat' dir='ltr'>Et</span> <span class='ocrx_word' id='word_1_8' title='bbox 384 743 559 805; x_wconf 86' lang='lat' dir='ltr'>Herodotus</span> <span class='ocrx_word' id='word_1_9' title='bbox 571 742 691 825; x_wconf 89' lang='lat' dir='ltr'>quidem</span> <span class='ocrx_word' id='word_1_10' title='bbox 705 753 872 834; x_wconf 69' lang='lat' dir='ltr'>monstrosus</span> <span class='ocrx_word' id='word_1_11' title='bbox 885 743 987 804; x_wconf 69' lang='lat' dir='ltr'>forme</span> <span class='ocrx_word' id='word_1_12' title='bbox 1002 761 1073 804; x_wconf 79' lang='lat' dir='ltr'>cau·</span> 
     </span>
    </p>

    <p class='ocr_par' dir='ltr' id='par_1_3' title="bbox 119 842 1075 1018">
     <span class='ocr_line' id='line_1_3' title="bbox 119 842 1075 924; baseline -0.004 -20"><span class='ocrx_word' id='word_1_13' title='bbox 119 865 167 904; x_wconf 84' lang='lat' dir='ltr'>sus</span> <span class='ocrx_word' id='word_1_14' title='bbox 187 863 335 924; x_wconf 79' lang='lat' dir='ltr'>exponere</span> <span class='ocrx_word' id='word_1_15' title='bbox 356 842 589 905; x_wconf 83' lang='lat' dir='ltr'>verecundatur:</span> <span class='ocrx_word' id='word_1_16' title='bbox 611 842 691 923; x_wconf 89' lang='lat' dir='ltr'>quod</span> <span class='ocrx_word' id='word_1_17' title='bbox 715 861 821 922; x_wconf 81' lang='lat' dir='ltr'>nempe</span> <span class='ocrx_word' id='word_1_18' title='bbox 842 843 951 922; x_wconf 90' lang='lat' dir='ltr'>arguit,</span> <span class='ocrx_word' id='word_1_19' title='bbox 970 860 1075 922; x_wconf 83' lang='lat' dir='ltr'>perum</span> 
     </span>
     <span class='ocr_line' id='line_1_4' title="bbox 121 937 1075 1018; baseline -0.004 -18"><span class='ocrx_word' id='word_1_20' title='bbox 121 941 261 1002; x_wconf 80' lang='lat' dir='ltr'>honestus</span> <span class='ocrx_word' id='word_1_21' title='bbox 282 947 334 1000; x_wconf 86' lang='lat' dir='ltr'>aut</span> <span class='ocrx_word' id='word_1_22' title='bbox 350 937 419 1000; x_wconf 87' lang='lat' dir='ltr'>Deo</span> <span class='ocrx_word' id='word_1_23' title='bbox 439 937 545 1018; x_wconf 85' lang='lat' dir='ltr'>dignus</span> <span class='ocrx_word' id='word_1_24' title='bbox 566 939 722 1000; x_wconf 84' lang='lat' dir='ltr'>audivisse.</span> <span class='ocrx_word' id='word_1_25' title='bbox 768 938 890 999; x_wconf 83' lang='lat' dir='ltr'>Faciem</span> <span class='ocrx_word' id='word_1_26' title='bbox 908 947 1007 998; x_wconf 85' lang='lat' dir='ltr'>eutem</span> <span class='ocrx_word' id='word_1_27' title='bbox 1026 957 1075 996; x_wconf 91' lang='lat' dir='ltr'>ru·</span> 
     </span>
    </p>

    <p class='ocr_par' dir='ltr' id='par_1_4' title="bbox 120 1034 1227 1310">
     <span class='ocr_line' id='line_1_5' title="bbox 120 1034 1213 1117; baseline -0.003 -21"><span class='ocrx_word' id='word_1_28' title='bbox 120 1036 204 1096; x_wconf 86' lang='lat' dir='ltr'>bram</span> <span class='ocrx_word' id='word_1_29' title='bbox 227 1043 347 1117; x_wconf 85' lang='lat' dir='ltr'>propter</span> <span class='ocrx_word' id='word_1_30' title='bbox 359 1035 475 1095; x_wconf 80' lang='lat' dir='ltr'>retheris</span> <span class='ocrx_word' id='word_1_31' title='bbox 487 1034 706 1096; x_wconf 88' lang='lat' dir='ltr'>similitudinem</span> <span class='ocrx_word' id='word_1_32' title='bbox 720 1035 747 1095; x_wconf 89' lang='lat' dir='ltr'>ei</span> <span class='ocrx_word' id='word_1_33' title='bbox 761 1034 851 1095; x_wconf 90' lang='lat' dir='ltr'>tribui</span> <span class='ocrx_word' id='word_1_34' title='bbox 864 1034 985 1114; x_wconf 85' lang='lat' dir='ltr'>quidam</span> <span class='ocrx_word' id='word_1_35' title='bbox 997 1035 1075 1093; x_wconf 83' lang='lat' dir='ltr'>exis·</span> <span class='ocrx_word' id='word_1_36' title='bbox 1103 1038 1170 1087; x_wconf 76' lang='lat' dir='ltr'>serv.</span> <span class='ocrx_word' id='word_1_37' title='bbox 1181 1038 1213 1088; x_wconf 78' lang='lat' dir='ltr'>sd</span> 
     </span>
     <span class='ocr_line' id='line_1_6' title="bbox 121 1103 1227 1226; baseline -0.002 -35"><span class='ocrx_word' id='word_1_38' title='bbox 121 1133 282 1192; x_wconf 85' lang='lat' dir='ltr'>timaruut:</span> <span class='ocrx_word' id='word_1_39' title='bbox 302 1151 359 1210; x_wconf 89' lang='lat' dir='ltr'>ego</span> <span class='ocrx_word' id='word_1_40' title='bbox 371 1130 484 1192; x_wconf 83' lang='lat' dir='ltr'>fuctum</span> <span class='ocrx_word' id='word_1_41' title='bbox 497 1151 562 1192; x_wconf 87' lang='lat' dir='ltr'>reor</span> <span class='ocrx_word' id='word_1_42' title='bbox 576 1128 644 1191; x_wconf 89' lang='lat' dir='ltr'>ideo</span> <span class='ocrx_word' id='word_1_43' title='bbox 656 1129 736 1213; x_wconf 88' lang='lat' dir='ltr'>quod</span> <span class='ocrx_word' id='word_1_44' title='bbox 752 1129 806 1191; x_wconf 84' lang='lat' dir='ltr'>tali</span> <span class='ocrx_word' id='word_1_45' title='bbox 817 1129 923 1208; x_wconf 84' lang='lat' dir='ltr'>figura,</span> <span class='ocrx_word' id='word_1_46' title='bbox 941 1139 972 1190; x_wconf 87' lang='lat' dir='ltr'>et</span> <span class='ocrx_word' id='word_1_47' title='bbox 985 1130 1077 1226; x_wconf 77' lang='lat' dir='ltr'>ignito</span> <span class='ocrx_word' id='word_1_48' title='bbox 1088 1103 1227 1222; x_wconf 50' lang='lat' dir='ltr'>xhgiw</span> 
     </span>
     <span class='ocr_line' id='line_1_7' title="bbox 122 1226 1077 1310; baseline -0.002 -22"><span class='ocrx_word' id='word_1_49' title='bbox 122 1228 205 1289; x_wconf 82' lang='lat' dir='ltr'>vultu</span> <span class='ocrx_word' id='word_1_50' title='bbox 219 1227 277 1288; x_wconf 82' lang='lat' dir='ltr'>tuit</span> <span class='ocrx_word' id='word_1_51' title='bbox 295 1236 480 1310; x_wconf 88' lang='lat' dir='ltr'>conspectus.</span> <span class='ocrx_word' id='word_1_52' title='bbox 523 1226 565 1288; x_wconf 90' lang='lat' dir='ltr'>Et</span> <span class='ocrx_word' id='word_1_53' title='bbox 583 1227 623 1288; x_wconf 85' lang='lat' dir='ltr'>ad</span> <span class='ocrx_word' id='word_1_54' title='bbox 639 1228 717 1288; x_wconf 88' lang='lat' dir='ltr'>hune</span> <span class='ocrx_word' id='word_1_55' title='bbox 731 1226 823 1287; x_wconf 83' lang='lat' dir='ltr'>ferme</span> <span class='ocrx_word' id='word_1_56' title='bbox 845 1226 964 1287; x_wconf 90' lang='lat' dir='ltr'>modum</span> <span class='ocrx_word' id='word_1_57' title='bbox 984 1245 1077 1307; x_wconf 86' lang='lat' dir='ltr'>uppu-</span> 
     </span>
    </p>

    <p class='ocr_par' dir='ltr' id='par_1_5' title="bbox 121 1322 1077 1502">
     <span class='ocr_line' id='line_1_8' title="bbox 121 1322 1077 1403; baseline -0.001 -19"><span class='ocrx_word' id='word_1_58' title='bbox 121 1343 185 1386; x_wconf 87' lang='lat' dir='ltr'>rere</span> <span class='ocrx_word' id='word_1_59' title='bbox 198 1325 229 1384; x_wconf 92' lang='lat' dir='ltr'>in</span> <span class='ocrx_word' id='word_1_60' title='bbox 243 1326 391 1385; x_wconf 80' lang='lat' dir='ltr'>nocturnis</span> <span class='ocrx_word' id='word_1_61' title='bbox 402 1343 538 1403; x_wconf 87' lang='lat' dir='ltr'>sagarum</span> <span class='ocrx_word' id='word_1_62' title='bbox 551 1323 640 1403; x_wconf 81' lang='lat' dir='ltr'>orgiis</span> <span class='ocrx_word' id='word_1_63' title='bbox 658 1323 833 1397; x_wconf 68' lang='lat' dir='ltr'>duonem,</span> <span class='ocrx_word' id='word_1_64' title='bbox 858 1322 997 1384; x_wconf 90' lang='lat' dir='ltr'>concordi</span> <span class='ocrx_word' id='word_1_65' title='bbox 1009 1343 1077 1403; x_wconf 87' lang='lat' dir='ltr'>pro-</span> 
     </span>
     <span class='ocr_line' id='line_1_9' title="bbox 121 1419 775 1502; baseline -0.002 -22"><span class='ocrx_word' id='word_1_66' title='bbox 121 1420 282 1502; x_wconf 87' lang='lat' dir='ltr'>pemodum</span> <span class='ocrx_word' id='word_1_67' title='bbox 294 1419 476 1481; x_wconf 83' lang='lat' dir='ltr'>confessione</span> <span class='ocrx_word' id='word_1_68' title='bbox 489 1421 618 1480; x_wconf 87' lang='lat' dir='ltr'>omnium</span> <span class='ocrx_word' id='word_1_69' title='bbox 632 1420 775 1481; x_wconf 84' lang='lat' dir='ltr'>firmatur.</span> 
     </span>
    </p>

    <p class='ocr_par' dir='ltr' id='par_1_6' title="bbox 121 1515 1090 1791">
     <span class='ocr_line' id='line_1_10' title="bbox 161 1515 1090 1596; baseline 0 -20"><span class='ocrx_word' id='word_1_70' title='bbox 161 1522 214 1580; x_wconf 69' lang='lat'>27.</span> <span class='ocrx_word' id='word_1_71' title='bbox 236 1515 308 1578; x_wconf 91' lang='lat' dir='ltr'>Nec</span> <span class='ocrx_word' id='word_1_72' title='bbox 322 1515 487 1576; x_wconf 82' lang='lat' dir='ltr'>mirandum</span> <span class='ocrx_word' id='word_1_73' title='bbox 500 1515 599 1586; x_wconf 88' lang='lat' dir='ltr'>luerit,</span> <span class='ocrx_word' id='word_1_74' title='bbox 612 1515 637 1575; x_wconf 88' lang='lat' dir='ltr'>si</span> <span class='ocrx_word' id='word_1_75' title='bbox 651 1535 719 1596; x_wconf 78' lang='lat' dir='ltr'>quse</span> <span class='ocrx_word' id='word_1_76' title='bbox 731 1524 931 1576; x_wconf 80' lang='lat' dir='ltr'>memorentur</span> <span class='ocrx_word' id='word_1_77' title='bbox 946 1517 986 1576; x_wconf 89' lang='lat' dir='ltr'>ub</span> <span class='ocrx_word' id='word_1_78' title='bbox 1001 1519 1090 1596; x_wconf 35' lang='lat' dir='ltr'>anti·-</span> 
     </span>
     <span class='ocr_line' id='line_1_11' title="bbox 122 1612 1079 1695; baseline 0.001 -21"><span class='ocrx_word' id='word_1_79' title='bbox 122 1615 192 1695; x_wconf 91' lang='lat' dir='ltr'>quis</span> <span class='ocrx_word' id='word_1_80' title='bbox 203 1612 242 1674; x_wconf 90' lang='lat' dir='ltr'>de</span> <span class='ocrx_word' id='word_1_81' title='bbox 255 1623 421 1693; x_wconf 83' lang='lat' dir='ltr'>satyrorum</span> <span class='ocrx_word' id='word_1_82' title='bbox 432 1614 580 1674; x_wconf 88' lang='lat' dir='ltr'>nocturnis</span> <span class='ocrx_word' id='word_1_83' title='bbox 592 1612 714 1684; x_wconf 89' lang='lat' dir='ltr'>lusibus,</span> <span class='ocrx_word' id='word_1_84' title='bbox 725 1613 873 1694; x_wconf 79' lang='lat' dir='ltr'>tripudiis,</span> <span class='ocrx_word' id='word_1_85' title='bbox 883 1614 1030 1685; x_wconf 75' lang='lat' dir='ltr'>centibus,</span> <span class='ocrx_word' id='word_1_86' title='bbox 1040 1615 1079 1676; x_wconf 84' lang='lat' dir='ltr'>ad</span> 
     </span>
     <span class='ocr_line' id='line_1_12' title="bbox 121 1708 1078 1791; baseline 0.001 -20"><span class='ocrx_word' id='word_1_87' title='bbox 121 1711 221 1772; x_wconf 88' lang='lat' dir='ltr'>simile</span> <span class='ocrx_word' id='word_1_88' title='bbox 248 1709 399 1791; x_wconf 82' lang='lat' dir='ltr'>quoddam</span> <span class='ocrx_word' id='word_1_89' title='bbox 427 1709 568 1770; x_wconf 77' lang='lat' dir='ltr'>diabolici</span> <span class='ocrx_word' id='word_1_90' title='bbox 596 1708 659 1769; x_wconf 91' lang='lat' dir='ltr'>ludi</span> <span class='ocrx_word' id='word_1_91' title='bbox 685 1718 882 1770; x_wconf 89' lang='lat' dir='ltr'>commentum</span> <span class='ocrx_word' id='word_1_92' title='bbox 909 1709 1078 1772; x_wconf 80' lang='lat' dir='ltr'>reseramus.</span> 
     </span>
    </p>

    <p class='ocr_par' dir='ltr' id='par_1_7' title="bbox 122 1803 1080 2078">
     <span class='ocr_line' id='line_1_13' title="bbox 123 1803 1079 1887; baseline 0 -19"><span class='ocrx_word' id='word_1_93' title='bbox 123 1807 211 1868; x_wconf 83' lang='lat' dir='ltr'>Num</span> <span class='ocrx_word' id='word_1_94' title='bbox 224 1807 298 1867; x_wconf 86' lang='lat' dir='ltr'>talia</span> <span class='ocrx_word' id='word_1_95' title='bbox 311 1807 412 1866; x_wconf 89' lang='lat' dir='ltr'>multis</span> <span class='ocrx_word' id='word_1_96' title='bbox 425 1805 499 1866; x_wconf 87' lang='lat' dir='ltr'>locis</span> <span class='ocrx_word' id='word_1_97' title='bbox 511 1805 605 1866; x_wconf 89' lang='lat' dir='ltr'>audiri</span> <span class='ocrx_word' id='word_1_98' title='bbox 618 1803 763 1875; x_wconf 84' lang='lat' dir='ltr'>seruntur,</span> <span class='ocrx_word' id='word_1_99' title='bbox 776 1813 808 1868; x_wconf 89' lang='lat' dir='ltr'>et</span> <span class='ocrx_word' id='word_1_100' title='bbox 827 1806 858 1865; x_wconf 96' lang='lat' dir='ltr'>in</span> <span class='ocrx_word' id='word_1_101' title='bbox 877 1806 1003 1887; x_wconf 72' lang='lat' dir='ltr'>lcpensi</span> <span class='ocrx_word' id='word_1_102' title='bbox 1016 1828 1079 1868; x_wconf 89' lang='lat' dir='ltr'>ere·</span> 
     </span>
     <span class='ocr_line' id='line_1_14' title="bbox 122 1901 1080 1983; baseline 0.002 -21"><span class='ocrx_word' id='word_1_103' title='bbox 122 1924 187 1974; x_wconf 83' lang='lat' dir='ltr'>uro,</span> <span class='ocrx_word' id='word_1_104' title='bbox 200 1922 268 1983; x_wconf 81' lang='lat' dir='ltr'>quae</span> <span class='ocrx_word' id='word_1_105' title='bbox 281 1903 309 1962; x_wconf 90' lang='lat' dir='ltr'>in</span> <span class='ocrx_word' id='word_1_106' title='bbox 323 1902 435 1962; x_wconf 85' lang='lat' dir='ltr'>ditione</span> <span class='ocrx_word' id='word_1_107' title='bbox 444 1910 513 1962; x_wconf 80' lang='lat' dir='ltr'>eret</span> <span class='ocrx_word' id='word_1_108' title='bbox 524 1901 725 1973; x_wconf 83' lang='lat' dir='ltr'>Tartarcrum,</span> <span class='ocrx_word' id='word_1_109' title='bbox 739 1921 806 1962; x_wconf 90' lang='lat' dir='ltr'>cum</span> <span class='ocrx_word' id='word_1_110' title='bbox 818 1903 854 1962; x_wconf 87' lang='lat' dir='ltr'>iis</span> <span class='ocrx_word' id='word_1_111' title='bbox 872 1902 944 1964; x_wconf 91' lang='lat' dir='ltr'>locis</span> <span class='ocrx_word' id='word_1_112' title='bbox 958 1902 1080 1964; x_wconf 85' lang='lat' dir='ltr'>Marcus</span> 
     </span>
     <span class='ocr_line' id='line_1_15' title="bbox 128 1997 568 2078; baseline -0.005 -18"><span class='ocrx_word' id='word_1_113' title='bbox 128 1998 262 2060; x_wconf 84' lang='lat' dir='ltr'>Paullus</span> <span class='ocrx_word' id='word_1_114' title='bbox 281 1998 420 2060; x_wconf 89' lang='lat' dir='ltr'>Venetus</span> <span class='ocrx_word' id='word_1_115' title='bbox 438 1997 568 2078; x_wconf 80' lang='lat' dir='ltr'>degeret.</span> 
     </span>
    </p>

    <p class='ocr_par' dir='ltr' id='par_1_8' title="bbox 112 2093 1262 3621">
     <span class='ocr_line' id='line_1_16' title="bbox 165 2093 1080 2176; baseline -0.002 -20"><span class='ocrx_word' id='word_1_116' title='bbox 165 2101 217 2156; x_wconf 73' lang='lat'>28.</span> <span class='ocrx_word' id='word_1_117' title='bbox 241 2094 278 2154; x_wconf 89' lang='lat' dir='ltr'>lu</span> <span class='ocrx_word' id='word_1_118' title='bbox 299 2115 425 2168; x_wconf 84' lang='lat' dir='ltr'>summa,</span> <span class='ocrx_word' id='word_1_119' title='bbox 444 2093 562 2176; x_wconf 87' lang='lat' dir='ltr'>siquod</span> <span class='ocrx_word' id='word_1_120' title='bbox 578 2115 615 2156; x_wconf 83' lang='lat' dir='ltr'>ee</span> <span class='ocrx_word' id='word_1_121' title='bbox 629 2093 724 2175; x_wconf 86' lang='lat' dir='ltr'>figura</span> <span class='ocrx_word' id='word_1_122' title='bbox 737 2103 884 2176; x_wconf 89' lang='lat' dir='ltr'>repertum</span> <span class='ocrx_word' id='word_1_123' title='bbox 902 2096 941 2156; x_wconf 88' lang='lat' dir='ltr'>sit</span> <span class='ocrx_word' id='word_1_124' title='bbox 956 2095 1080 2168; x_wconf 85' lang='lat' dir='ltr'>animal,</span> 
     </span>
     <span class='ocr_line' id='line_1_17' title="bbox 121 2192 1080 2273; baseline -0.001 -21"><span class='ocrx_word' id='word_1_125' title='bbox 121 2200 318 2256; x_wconf 83' lang='lat' dir='ltr'>monstrosum</span> <span class='ocrx_word' id='word_1_126' title='bbox 338 2192 440 2266; x_wconf 76' lang='lat' dir='ltr'>tuisse,</span> <span class='ocrx_word' id='word_1_127' title='bbox 459 2192 595 2273; x_wconf 87' lang='lat' dir='ltr'>idemque</span> <span class='ocrx_word' id='word_1_128' title='bbox 614 2192 734 2253; x_wconf 83' lang='lat' dir='ltr'>rationis</span> <span class='ocrx_word' id='word_1_129' title='bbox 754 2212 790 2253; x_wconf 91' lang='lat' dir='ltr'>ac</span> <span class='ocrx_word' id='word_1_130' title='bbox 807 2192 948 2254; x_wconf 89' lang='lat' dir='ltr'>sermonis</span> <span class='ocrx_word' id='word_1_131' title='bbox 960 2192 1080 2252; x_wconf 85' lang='lat' dir='ltr'>humani</span> 
     </span>
     <span class='ocr_line' id='line_1_18' title="bbox 121 2287 1080 2370; baseline -0.004 -19"><span class='ocrx_word' id='word_1_132' title='bbox 121 2287 421 2370; x_wconf 85' lang='lat' dir='ltr'>experscrediderim;</span> <span class='ocrx_word' id='word_1_133' title='bbox 437 2289 489 2350; x_wconf 90' lang='lat' dir='ltr'>ubi</span> <span class='ocrx_word' id='word_1_134' title='bbox 496 2308 566 2350; x_wconf 81' lang='lat' dir='ltr'>vero</span> <span class='ocrx_word' id='word_1_135' title='bbox 575 2288 702 2369; x_wconf 75' lang='lat' dir='ltr'>loquelae</span> <span class='ocrx_word' id='word_1_136' title='bbox 711 2289 900 2349; x_wconf 84' lang='lat' dir='ltr'>intervenerit</span> <span class='ocrx_word' id='word_1_137' title='bbox 907 2309 987 2360; x_wconf 90' lang='lat' dir='ltr'>usus,</span> <span class='ocrx_word' id='word_1_138' title='bbox 996 2309 1080 2369; x_wconf 87' lang='lat' dir='ltr'>spec·</span> 
     </span>
     <span class='ocr_line' id='line_1_19' title="bbox 124 2385 1080 2467; baseline -0.001 -21"><span class='ocrx_word' id='word_1_139' title='bbox 124 2395 175 2446; x_wconf 84' lang='lat' dir='ltr'>tra</span> <span class='ocrx_word' id='word_1_140' title='bbox 189 2385 343 2467; x_wconf 82' lang='lat' dir='ltr'>larvasque</span> <span class='ocrx_word' id='word_1_141' title='bbox 356 2387 429 2446; x_wconf 90' lang='lat' dir='ltr'>mali</span> <span class='ocrx_word' id='word_1_142' title='bbox 438 2386 588 2448; x_wconf 84' lang='lat' dir='ltr'>daemonis.</span> <span class='ocrx_word' id='word_1_143' title='bbox 612 2385 658 2447; x_wconf 85' lang='lat' dir='ltr'>Ut</span> <span class='ocrx_word' id='word_1_144' title='bbox 671 2387 728 2447; x_wconf 83' lang='lat' dir='ltr'>istu</span> <span class='ocrx_word' id='word_1_145' title='bbox 737 2386 797 2447; x_wconf 89' lang='lat' dir='ltr'>sint</span> <span class='ocrx_word' id='word_1_146' title='bbox 807 2405 846 2446; x_wconf 88' lang='lat' dir='ltr'>ex</span> <span class='ocrx_word' id='word_1_147' title='bbox 856 2385 961 2446; x_wconf 91' lang='lat' dir='ltr'>eodem</span> <span class='ocrx_word' id='word_1_148' title='bbox 973 2405 1080 2464; x_wconf 84' lang='lat' dir='ltr'>genere</span> 
     </span>
     <span class='ocr_line' id='line_1_20' title="bbox 123 2479 1262 2565; baseline 0.004 -23"><span class='ocrx_word' id='word_1_149' title='bbox 123 2481 411 2565; x_wconf 66' lang='lat' dir='ltr'>prodigiorumque</span> <span class='ocrx_word' id='word_1_150' title='bbox 428 2483 508 2564; x_wconf 83' lang='lat' dir='ltr'>apud</span> <span class='ocrx_word' id='word_1_151' title='bbox 522 2481 684 2543; x_wconf 81' lang='lat' dir='ltr'>Ssmbulou</span> <span class='ocrx_word' id='word_1_152' title='bbox 699 2479 854 2544; x_wconf 73' lang='lat' dir='ltr'>Parthicae</span> <span class='ocrx_word' id='word_1_153' title='bbox 865 2481 985 2543; x_wconf 91' lang='lat' dir='ltr'>ditionis</span> <span class='ocrx_word' id='word_1_154' title='bbox 997 2501 1079 2542; x_wconf 92' lang='lat' dir='ltr'>mon·</span> <span class='ocrx_word' id='word_1_155' title='bbox 1106 2497 1165 2548; x_wconf 77' lang='lat' dir='ltr'>Tre.</span> <span class='ocrx_word' id='word_1_156' title='bbox 1176 2497 1242 2549; x_wconf 78' lang='lat' dir='ltr'>Aua.</span> <span class='ocrx_word' id='word_1_157' title='bbox 1259 2489 1262 2495; x_wconf 87' lang='lat'>&#39;</span> 
     </span>
     <span class='ocr_line' id='line_1_21' title="bbox 124 2567 1220 2678; baseline -0.003 -37"><span class='ocrx_word' id='word_1_158' title='bbox 124 2587 188 2641; x_wconf 89' lang='lat' dir='ltr'>tem</span> <span class='ocrx_word' id='word_1_159' title='bbox 207 2579 394 2642; x_wconf 83' lang='lat' dir='ltr'>Herculem³</span> <span class='ocrx_word' id='word_1_160' title='bbox 415 2581 533 2651; x_wconf 79' lang='lat' dir='ltr'>renari;</span> <span class='ocrx_word' id='word_1_161' title='bbox 555 2579 722 2654; x_wconf 76' lang='lat' dir='ltr'>Achillem,</span> <span class='ocrx_word' id='word_1_162' title='bbox 743 2578 874 2642; x_wconf 70' lang='lat' dir='ltr'>Helene</span> <span class='ocrx_word' id='word_1_163' title='bbox 893 2579 1080 2641; x_wconf 81' lang='lat' dir='ltr'>matrimonio</span> <span class='ocrx_word' id='word_1_164' title='bbox 1091 2567 1220 2678; x_wconf 52' lang='lat' dir='ltr'>{mn</span> 
     </span>
     <span class='ocr_line' id='line_1_22' title="bbox 118 2676 1245 2757; baseline 0.004 -18"><span class='ocrx_word' id='word_1_165' title='bbox 118 2680 273 2757; x_wconf 84' lang='lat' dir='ltr'>jrmcturn,</span> <span class='ocrx_word' id='word_1_166' title='bbox 295 2678 413 2741; x_wconf 80' lang='lat' dir='ltr'>leucen</span> <span class='ocrx_word' id='word_1_167' title='bbox 427 2678 566 2750; x_wconf 81' lang='lat' dir='ltr'>incolere,</span> <span class='ocrx_word' id='word_1_168' title='bbox 577 2676 714 2740; x_wconf 80' lang='lat' dir='ltr'>Triuricrc</span> <span class='ocrx_word' id='word_1_169' title='bbox 726 2678 921 2740; x_wconf 82' lang='lat' dir='ltr'>Chersonnesi</span> <span class='ocrx_word' id='word_1_170' title='bbox 935 2677 1078 2747; x_wconf 73' lang='lat' dir='ltr'>insulam</span> <span class='ocrx_word' id='word_1_171' title='bbox 1092 2692 1245 2745; x_wconf 70' lang='lat' dir='ltr'>primunt.</span> 
     </span>
     <span class='ocr_line' id='line_1_23' title="bbox 123 2758 1244 2859; baseline -0.002 -21"><span class='ocrx_word' id='word_1_172' title='bbox 123 2776 314 2858; x_wconf 89' lang='lat' dir='ltr'>eundemque</span> <span class='ocrx_word' id='word_1_173' title='bbox 332 2786 517 2859; x_wconf 78' lang='lat' dir='ltr'>oppugnetur</span> <span class='ocrx_word' id='word_1_174' title='bbox 536 2778 576 2837; x_wconf 88' lang='lat' dir='ltr'>ab</span> <span class='ocrx_word' id='word_1_175' title='bbox 597 2776 742 2838; x_wconf 84' lang='lat' dir='ltr'>Alaricho</span> <span class='ocrx_word' id='word_1_176' title='bbox 759 2776 900 2839; x_wconf 84' lang='lat' dir='ltr'>Athenas</span> <span class='ocrx_word' id='word_1_177' title='bbox 917 2776 1080 2837; x_wconf 71' lang='lat' dir='ltr'>defendisse</span> <span class='ocrx_word' id='word_1_178' title='bbox 1091 2758 1177 2809; x_wconf 53' lang='grc' dir='ltr'>ΜΝ·</span> <span class='ocrx_word' id='word_1_179' title='bbox 1189 2759 1207 2808; x_wconf 89' lang='lat'>¹·</span> <span class='ocrx_word' id='word_1_180' title='bbox 1218 2772 1244 2806; x_wconf 80' lang='lat'>&#39;·</span> 
     </span>
     <span class='ocr_line' id='line_1_24' title="bbox 124 2873 1081 2956; baseline 0.002 -23"><span class='ocrx_word' id='word_1_181' title='bbox 124 2873 274 2935; x_wconf 88' lang='lat' dir='ltr'>creditum</span> <span class='ocrx_word' id='word_1_182' title='bbox 286 2882 340 2934; x_wconf 87' lang='lat' dir='ltr'>est.</span> <span class='ocrx_word' id='word_1_183' title='bbox 376 2874 464 2941; x_wconf 79' lang='lat' dir='ltr'>Quos</span> <span class='ocrx_word' id='word_1_184' title='bbox 476 2894 546 2936; x_wconf 83' lang='lat' dir='ltr'>vero</span> <span class='ocrx_word' id='word_1_185' title='bbox 559 2873 644 2935; x_wconf 92' lang='lat' dir='ltr'>ludos</span> <span class='ocrx_word' id='word_1_186' title='bbox 657 2884 802 2956; x_wconf 87' lang='lat' dir='ltr'>spectrum</span> <span class='ocrx_word' id='word_1_187' title='bbox 812 2874 918 2948; x_wconf 90' lang='lat' dir='ltr'>edidit,</span> <span class='ocrx_word' id='word_1_188' title='bbox 932 2874 1013 2955; x_wconf 92' lang='lat' dir='ltr'>quod</span> <span class='ocrx_word' id='word_1_189' title='bbox 1026 2874 1081 2935; x_wconf 89' lang='lat' dir='ltr'>sub</span> 
     </span>
     <span class='ocr_line' id='line_1_25' title="bbox 124 2970 1229 3064; baseline 0.004 -33"><span class='ocrx_word' id='word_1_190' title='bbox 124 2970 223 3032; x_wconf 77' lang='lat' dir='ltr'>forma</span> <span class='ocrx_word' id='word_1_191' title='bbox 247 2972 346 3050; x_wconf 88' lang='lat' dir='ltr'>magui</span> <span class='ocrx_word' id='word_1_192' title='bbox 365 2970 535 3032; x_wconf 78' lang='lat' dir='ltr'>Alexandri</span> <span class='ocrx_word' id='word_1_193' title='bbox 561 2991 628 3032; x_wconf 91' lang='lat' dir='ltr'>cum</span> <span class='ocrx_word' id='word_1_194' title='bbox 651 2972 868 3033; x_wconf 82' lang='lat' dir='ltr'>bacchabundo</span> <span class='ocrx_word' id='word_1_195' title='bbox 893 2973 1010 3052; x_wconf 89' lang='lat' dir='ltr'>agmine</span> <span class='ocrx_word' id='word_1_196' title='bbox 1029 2992 1082 3053; x_wconf 89' lang='lat' dir='ltr'>per</span> <span class='ocrx_word' id='word_1_197' title='bbox 1109 2984 1229 3064; x_wconf 78' lang='lat' dir='ltr'>xiphilin.</span> 
     </span>
     <span class='ocr_line' id='line_1_26' title="bbox 112 3052 1190 3151; baseline 0.002 -22"><span class='ocrx_word' id='word_1_198' title='bbox 112 3068 235 3130; x_wconf 69' lang='lat' dir='ltr'>‘Asiam</span> <span class='ocrx_word' id='word_1_199' title='bbox 257 3070 386 3139; x_wconf 82' lang='lat' dir='ltr'>incessit,</span> <span class='ocrx_word' id='word_1_200' title='bbox 405 3067 553 3150; x_wconf 86' lang='lat' dir='ltr'>longoque</span> <span class='ocrx_word' id='word_1_201' title='bbox 572 3078 639 3151; x_wconf 86' lang='lat' dir='ltr'>post</span> <span class='ocrx_word' id='word_1_202' title='bbox 653 3078 784 3151; x_wconf 82' lang='lat' dir='ltr'>tempore</span> <span class='ocrx_word' id='word_1_203' title='bbox 797 3070 955 3151; x_wconf 88' lang='lat' dir='ltr'>disparuit,</span> <span class='ocrx_word' id='word_1_204' title='bbox 971 3068 1082 3131; x_wconf 88' lang='lat' dir='ltr'>Helio-</span> <span class='ocrx_word' id='word_1_205' title='bbox 1093 3052 1190 3116; x_wconf 50' lang='grc' dir='ltr'>ΗΜ·</span> 
     </span>
     <span class='ocr_line' id='line_1_27' title="bbox 125 3164 1082 3247; baseline 0.002 -22"><span class='ocrx_word' id='word_1_206' title='bbox 125 3165 239 3244; x_wconf 77' lang='lat' dir='ltr'>gabelo</span> <span class='ocrx_word' id='word_1_207' title='bbox 251 3166 412 3247; x_wconf 79' lang='lat' dir='ltr'>imperante</span> <span class='ocrx_word' id='word_1_208' title='bbox 422 3166 434 3225; x_wconf 86' lang='lat' dir='ltr'>l</span> <span class='ocrx_word' id='word_1_209' title='bbox 476 3164 547 3227; x_wconf 86' lang='lat' dir='ltr'>Nec</span> <span class='ocrx_word' id='word_1_210' title='bbox 560 3167 599 3226; x_wconf 79' lang='lat' dir='ltr'>ab</span> <span class='ocrx_word' id='word_1_211' title='bbox 611 3168 657 3227; x_wconf 87' lang='lat' dir='ltr'>his</span> <span class='ocrx_word' id='word_1_212' title='bbox 670 3166 828 3238; x_wconf 81' lang='lat' dir='ltr'>abludunt,</span> <span class='ocrx_word' id='word_1_213' title='bbox 838 3186 906 3247; x_wconf 73' lang='lat' dir='ltr'>quse</span> <span class='ocrx_word' id='word_1_214' title='bbox 917 3166 956 3227; x_wconf 89' lang='lat' dir='ltr'>de</span> <span class='ocrx_word' id='word_1_215' title='bbox 966 3164 1082 3227; x_wconf 68' lang='lat' dir='ltr'>Grecis</span> 
     </span>
     <span class='ocr_line' id='line_1_28' title="bbox 125 3260 1205 3348; baseline 0.002 -27"><span class='ocrx_word' id='word_1_216' title='bbox 125 3262 268 3321; x_wconf 81' lang='lat' dir='ltr'>heroibus</span> <span class='ocrx_word' id='word_1_217' title='bbox 282 3261 494 3333; x_wconf 72' lang='lat' dir='ltr'>Philostratus,</span> <span class='ocrx_word' id='word_1_218' title='bbox 508 3260 546 3323; x_wconf 90' lang='lat' dir='ltr'>de</span> <span class='ocrx_word' id='word_1_219' title='bbox 560 3261 674 3323; x_wconf 87' lang='lat' dir='ltr'>Arturo</span> <span class='ocrx_word' id='word_1_220' title='bbox 686 3262 835 3335; x_wconf 84' lang='lat' dir='ltr'>Britanni,</span> <span class='ocrx_word' id='word_1_221' title='bbox 845 3262 884 3323; x_wconf 91' lang='lat' dir='ltr'>de</span> <span class='ocrx_word' id='word_1_222' title='bbox 897 3261 1082 3323; x_wconf 78' lang='lat' dir='ltr'>Vuldcmsro</span> <span class='ocrx_word' id='word_1_223' title='bbox 1090 3282 1205 3348; x_wconf 57' lang='lat' dir='ltr'>Qum.</span> 
     </span>
     <span class='ocr_line' id='line_1_29' title="bbox 127 3357 1082 3442; baseline 0.002 -24"><span class='ocrx_word' id='word_1_224' title='bbox 127 3357 224 3429; x_wconf 85' lang='lat' dir='ltr'>Dani,</span> <span class='ocrx_word' id='word_1_225' title='bbox 239 3357 384 3439; x_wconf 89' lang='lat' dir='ltr'>multique</span> <span class='ocrx_word' id='word_1_226' title='bbox 395 3358 446 3419; x_wconf 85' lang='lat' dir='ltr'>elii</span> <span class='ocrx_word' id='word_1_227' title='bbox 460 3358 498 3419; x_wconf 90' lang='lat' dir='ltr'>de</span> <span class='ocrx_word' id='word_1_228' title='bbox 511 3362 571 3421; x_wconf 88' lang='lat' dir='ltr'>suis</span> <span class='ocrx_word' id='word_1_229' title='bbox 584 3362 707 3441; x_wconf 88' lang='lat' dir='ltr'>quisque</span> <span class='ocrx_word' id='word_1_230' title='bbox 720 3360 823 3442; x_wconf 91' lang='lat' dir='ltr'>populi</span> <span class='ocrx_word' id='word_1_231' title='bbox 837 3362 966 3439; x_wconf 83' lang='lat' dir='ltr'>jactant</span> <span class='ocrx_word' id='word_1_232' title='bbox 1008 3358 1082 3433; x_wconf 83' lang='lat' dir='ltr'>Sed,</span> 
     </span>
     <span class='ocr_line' id='line_1_30' title="bbox 124 3454 1080 3537; baseline 0 -22"><span class='ocrx_word' id='word_1_233' title='bbox 124 3455 242 3519; x_wconf 84' lang='lat' dir='ltr'>omissis</span> <span class='ocrx_word' id='word_1_234' title='bbox 252 3454 310 3515; x_wconf 89' lang='lat' dir='ltr'>hcc</span> <span class='ocrx_word' id='word_1_235' title='bbox 323 3475 415 3534; x_wconf 87' lang='lat' dir='ltr'>genus</span> <span class='ocrx_word' id='word_1_236' title='bbox 426 3456 591 3537; x_wconf 72' lang='lat' dir='ltr'>prestigiis,</span> <span class='ocrx_word' id='word_1_237' title='bbox 605 3455 643 3517; x_wconf 83' lang='lat' dir='ltr'>ad</span> <span class='ocrx_word' id='word_1_238' title='bbox 657 3454 787 3537; x_wconf 82' lang='lat' dir='ltr'>Syllum,</span> <span class='ocrx_word' id='word_1_239' title='bbox 798 3457 877 3519; x_wconf 91' lang='lat' dir='ltr'>unde</span> <span class='ocrx_word' id='word_1_240' title='bbox 885 3456 1080 3528; x_wconf 70' lang='lat' dir='ltr'>disceuimus,</span> 
     </span>
     <span class='ocr_line' id='line_1_31' title="bbox 125 3560 682 3621; baseline -0.013 -8"><span class='ocrx_word' id='word_1_241' title='bbox 125 3560 323 3613; x_wconf 84' lang='lat' dir='ltr'>revertamur.</span> <span class='ocrx_word' id='word_1_242' title='bbox 676 3608 682 3621; x_wconf 66' lang='lat'>‚</span> 
     </span>
    </p>

    <p class='ocr_par' dir='ltr' id='par_1_9' title="bbox 121 3648 1247 4217">
     <span class='ocr_line' id='line_1_32' title="bbox 173 3648 1247 3729; baseline 0.002 -18"><span class='ocrx_word' id='word_1_243' title='bbox 173 3654 223 3711; x_wconf 75' lang='lat'>29.</span> <span class='ocrx_word' id='word_1_244' title='bbox 245 3648 280 3709; x_wconf 91' lang='lat' dir='ltr'>Is</span> <span class='ocrx_word' id='word_1_245' title='bbox 291 3668 373 3729; x_wconf 87' lang='lat' dir='ltr'>ergo,</span> <span class='ocrx_word' id='word_1_246' title='bbox 387 3658 490 3711; x_wconf 85' lang='lat' dir='ltr'>coutrs</span> <span class='ocrx_word' id='word_1_247' title='bbox 502 3670 570 3711; x_wconf 89' lang='lat' dir='ltr'>suos</span> <span class='ocrx_word' id='word_1_248' title='bbox 584 3650 767 3713; x_wconf 83' lang='lat' dir='ltr'>adversarios</span> <span class='ocrx_word' id='word_1_249' title='bbox 784 3652 1012 3721; x_wconf 72' lang='lat' dir='ltr'>transmissurus,</span> <span class='ocrx_word' id='word_1_250' title='bbox 1033 3670 1083 3710; x_wconf 88' lang='lat' dir='ltr'>ce·</span> <span class='ocrx_word' id='word_1_251' title='bbox 1111 3660 1247 3728; x_wconf 74' lang='lat' dir='ltr'>muasyu.</span> 
     </span>
     <span class='ocr_line' id='line_1_33' title="bbox 125 3732 1174 3828; baseline 0.003 -21"><span class='ocrx_word' id='word_1_252' title='bbox 125 3746 203 3807; x_wconf 89' lang='lat' dir='ltr'>teris</span> <span class='ocrx_word' id='word_1_253' title='bbox 214 3745 306 3807; x_wconf 82' lang='lat' dir='ltr'>ferme</span> <span class='ocrx_word' id='word_1_254' title='bbox 319 3747 391 3807; x_wconf 89' lang='lat' dir='ltr'>satis</span> <span class='ocrx_word' id='word_1_255' title='bbox 400 3745 514 3807; x_wconf 82' lang='lat' dir='ltr'>fidebat</span> <span class='ocrx_word' id='word_1_256' title='bbox 521 3768 530 3817; x_wconf 81' lang='lat'>3</span> <span class='ocrx_word' id='word_1_257' title='bbox 552 3748 610 3808; x_wconf 88' lang='lat' dir='ltr'>lroc</span> <span class='ocrx_word' id='word_1_258' title='bbox 624 3768 683 3808; x_wconf 91' lang='lat' dir='ltr'>uuo</span> <span class='ocrx_word' id='word_1_259' title='bbox 696 3750 870 3828; x_wconf 84' lang='lat' dir='ltr'>augebatur,</span> <span class='ocrx_word' id='word_1_260' title='bbox 881 3748 962 3828; x_wconf 88' lang='lat' dir='ltr'>quod</span> <span class='ocrx_word' id='word_1_261' title='bbox 974 3750 1083 3828; x_wconf 86' lang='lat' dir='ltr'>trajec-</span> <span class='ocrx_word' id='word_1_262' title='bbox 1096 3746 1120 3781; x_wconf 73' lang='lat'>⁰⁴</span> <span class='ocrx_word' id='word_1_263' title='bbox 1129 3732 1174 3781; x_wconf 76' lang='lat'>⁸¹·</span> 
     </span>
     <span class='ocr_line' id='line_1_34' title="bbox 125 3842 1084 3927; baseline 0.002 -24"><span class='ocrx_word' id='word_1_264' title='bbox 125 3850 181 3903; x_wconf 89' lang='lat' dir='ltr'>tos</span> <span class='ocrx_word' id='word_1_265' title='bbox 194 3842 223 3901; x_wconf 93' lang='lat' dir='ltr'>in</span> <span class='ocrx_word' id='word_1_266' title='bbox 242 3842 366 3903; x_wconf 81' lang='lat' dir='ltr'>Italiam</span> <span class='ocrx_word' id='word_1_267' title='bbox 378 3842 497 3915; x_wconf 89' lang='lat' dir='ltr'>milites,</span> <span class='ocrx_word' id='word_1_268' title='bbox 516 3844 567 3905; x_wconf 92' lang='lat' dir='ltr'>ubi</span> <span class='ocrx_word' id='word_1_269' title='bbox 586 3846 713 3927; x_wconf 87' lang='lat' dir='ltr'>patrium</span> <span class='ocrx_word' id='word_1_270' title='bbox 728 3844 824 3905; x_wconf 86' lang='lat' dir='ltr'>solum</span> <span class='ocrx_word' id='word_1_271' title='bbox 840 3846 1033 3925; x_wconf 82' lang='lat' dir='ltr'>aspexissent,</span> <span class='ocrx_word' id='word_1_272' title='bbox 1047 3864 1084 3905; x_wconf 89' lang='lat' dir='ltr'>ue</span> 
     </span>
     <span class='ocr_line' id='line_1_35' title="bbox 123 3938 1085 4022; baseline 0.002 -22"><span class='ocrx_word' id='word_1_273' title='bbox 123 3938 254 4000; x_wconf 88' lang='lat' dir='ltr'>desertis</span> <span class='ocrx_word' id='word_1_274' title='bbox 265 3939 357 4019; x_wconf 88' lang='lat' dir='ltr'>signis</span> <span class='ocrx_word' id='word_1_275' title='bbox 368 3938 587 4002; x_wconf 82' lang='lat' dir='ltr'>dilaberentur⁴</span> <span class='ocrx_word' id='word_1_276' title='bbox 608 3944 759 4004; x_wconf 87' lang='lat' dir='ltr'>metuebat</span> <span class='ocrx_word' id='word_1_277' title='bbox 770 3964 778 4012; x_wconf 87' lang='lat'>;</span> <span class='ocrx_word' id='word_1_278' title='bbox 802 3951 865 4014; x_wconf 92' lang='lat' dir='ltr'>aut,</span> <span class='ocrx_word' id='word_1_279' title='bbox 875 3941 956 4022; x_wconf 90' lang='lat' dir='ltr'>quod</span> <span class='ocrx_word' id='word_1_280' title='bbox 964 3942 1085 4002; x_wconf 89' lang='lat' dir='ltr'>solenne</span> 
     </span>
     <span class='ocr_line' id='line_1_36' title="bbox 124 4034 1085 4111; baseline 0.002 -14"><span class='ocrx_word' id='word_1_281' title='bbox 124 4034 272 4097; x_wconf 81' lang='lat' dir='ltr'>civilibus</span> <span class='ocrx_word' id='word_1_282' title='bbox 283 4035 373 4097; x_wconf 87' lang='lat' dir='ltr'>bellis</span> <span class='ocrx_word' id='word_1_283' title='bbox 385 4045 440 4109; x_wconf 88' lang='lat' dir='ltr'>est,</span> <span class='ocrx_word' id='word_1_284' title='bbox 454 4037 598 4099; x_wconf 86' lang='lat' dir='ltr'>hostiliter</span> <span class='ocrx_word' id='word_1_285' title='bbox 608 4049 752 4100; x_wconf 82' lang='lat' dir='ltr'>vexarent</span> <span class='ocrx_word' id='word_1_286' title='bbox 765 4038 900 4111; x_wconf 88' lang='lat' dir='ltr'>Italiam.</span> <span class='ocrx_word' id='word_1_287' title='bbox 943 4038 1085 4099; x_wconf 79' lang='lat' dir='ltr'>Oetemm</span> 
     </span>
     <span class='ocr_line' id='line_1_37' title="bbox 121 4133 1086 4217; baseline 0.001 -23"><span class='ocrx_word' id='word_1_288' title='bbox 121 4134 183 4194; x_wconf 87' lang='lat' dir='ltr'>bic</span> <span class='ocrx_word' id='word_1_289' title='bbox 194 4133 282 4193; x_wconf 86' lang='lat' dir='ltr'>etiarn</span> <span class='ocrx_word' id='word_1_290' title='bbox 289 4134 403 4195; x_wconf 74' lang='lat' dir='ltr'>terente</span> <span class='ocrx_word' id='word_1_291' title='bbox 413 4134 532 4197; x_wconf 73' lang='lat' dir='ltr'>fortuna</span> <span class='ocrx_word' id='word_1_292' title='bbox 537 4150 618 4207; x_wconf 89' lang='lat' dir='ltr'>usus,</span> <span class='ocrx_word' id='word_1_293' title='bbox 632 4136 711 4198; x_wconf 89' lang='lat' dir='ltr'>ultro</span> <span class='ocrx_word' id='word_1_294' title='bbox 724 4136 881 4197; x_wconf 79' lang='lat' dir='ltr'>offerentes</span> <span class='ocrx_word' id='word_1_295' title='bbox 889 4134 1086 4217; x_wconf 89' lang='lat' dir='ltr'>jurejurando</span> 
     </span>
    </p>
   </div>
   <div class='ocr_carea' id='block_1_3' title="bbox 125 4229 1087 4314">
    <p class='ocr_par' dir='ltr' id='par_1_10' title="bbox 125 4229 1087 4314">
     <span class='ocr_line' id='line_1_38' title="bbox 125 4229 1087 4314; baseline 0.002 -23"><span class='ocrx_word' id='word_1_296' title='bbox 125 4229 284 4303; x_wconf 73' lang='lat' dir='ltr'>astrinxit,</span> <span class='ocrx_word' id='word_1_297' title='bbox 306 4240 315 4267; x_wconf 87' lang='lat'><em>‘</em></span> <span class='ocrx_word' id='word_1_298' title='bbox 328 4252 479 4292; x_wconf 90' lang='lat' dir='ltr'>mansuros</span> <span class='ocrx_word' id='word_1_299' title='bbox 489 4232 570 4313; x_wconf 90' lang='lat' dir='ltr'>apud</span> <span class='ocrx_word' id='word_1_300' title='bbox 583 4234 679 4313; x_wconf 81' lang='lat' dir='ltr'>signe,</span> <span class='ocrx_word' id='word_1_301' title='bbox 692 4252 789 4314; x_wconf 88' lang='lat' dir='ltr'>neque</span> <span class='ocrx_word' id='word_1_302' title='bbox 799 4234 937 4295; x_wconf 85' lang='lat' dir='ltr'>molestos</span> <span class='ocrx_word' id='word_1_303' title='bbox 947 4234 1087 4314; x_wconf 83' lang='lat' dir='ltr'>cuiquam</span> 
     </span>
    </p>
   </div>
   <div class='ocr_carea' id='block_1_4' title="bbox 346 4410 876 4533">
    <p class='ocr_par' dir='ltr' id='par_1_11' title="bbox 346 4410 876 4533">
     <span class='ocr_line' id='line_1_39' title="bbox 349 4410 876 4481; baseline 0.004 -17"><span class='ocrx_word' id='word_1_304' title='bbox 349 4417 365 4464; x_wconf 75' lang='lat' dir='ltr'>t</span> <span class='ocrx_word' id='word_1_305' title='bbox 383 4414 499 4466; x_wconf 78' lang='lat' dir='ltr'>Hercules</span> <span class='ocrx_word' id='word_1_306' title='bbox 508 4416 606 4481; x_wconf 83' lang='lat' dir='ltr'>legitur</span> <span class='ocrx_word' id='word_1_307' title='bbox 617 4416 642 4466; x_wconf 91' lang='lat' dir='ltr'>in</span> <span class='ocrx_word' id='word_1_308' title='bbox 654 4415 713 4466; x_wconf 83' lang='lat' dir='ltr'>edd.</span> <span class='ocrx_word' id='word_1_309' title='bbox 725 4410 784 4467; x_wconf 78' lang='lat' dir='ltr'>sule</span> <span class='ocrx_word' id='word_1_310' title='bbox 798 4416 876 4469; x_wconf 75' lang='lat' dir='ltr'>Cres.</span> 
     </span>
     <span class='ocr_line' id='line_1_40' title="bbox 346 4480 789 4533; baseline 0 -4"><span class='ocrx_word' id='word_1_311' title='bbox 346 4482 362 4529; x_wconf 77' lang='lat' dir='ltr'>t</span> <span class='ocrx_word' id='word_1_312' title='bbox 380 4480 554 4531; x_wconf 66' lang='lat' dir='ltr'>Deluduntur</span> <span class='ocrx_word' id='word_1_313' title='bbox 564 4480 624 4533; x_wconf 87' lang='lat' dir='ltr'>edd.</span> <span class='ocrx_word' id='word_1_314' title='bbox 638 4488 700 4532; x_wconf 81' lang='lat' dir='ltr'>ants</span> <span class='ocrx_word' id='word_1_315' title='bbox 712 4482 789 4533; x_wconf 76' lang='lat' dir='ltr'>Creu.</span> 
     </span>
    </p>
   </div>
   <div class='ocr_carea' id='block_1_5' title="bbox 203 4572 738 4641">
    <p class='ocr_par' dir='ltr' id='par_1_12' title="bbox 203 4572 738 4641">
     <span class='ocr_line' id='line_1_41' title="bbox 203 4572 738 4641; baseline 0.002 -12"><span class='ocrx_word' id='word_1_316' title='bbox 203 4572 320 4641; x_wconf 53' lang='lat' dir='ltr'>notar</span> <span class='ocrx_word' id='word_1_317' title='bbox 334 4576 392 4629; x_wconf 68' lang='lat' dir='ltr'>ve.</span> <span class='ocrx_word' id='word_1_318' title='bbox 405 4578 471 4629; x_wconf 71' lang='lat' dir='ltr'>cus.</span> <span class='ocrx_word' id='word_1_319' title='bbox 645 4578 738 4630; x_wconf 74' lang='lat' dir='ltr'>netu.</span> 
     </span>
    </p>
   </div>
   <div class='ocr_carea' id='block_1_6' title="bbox 0 0 1661 5225">
    <p class='ocr_par' dir='ltr' id='par_1_13' title="bbox 0 0 1661 5225">
     <span class='ocr_line' id='line_1_42' title="bbox 0 0 1661 5225; baseline 0 0"><span class='ocrx_word' id='word_1_320' title='bbox 0 0 1661 5225; x_wconf 95' lang='lat' dir='ltr'> </span> 
     </span>
    </p>
   </div>
  </div>
 </body>
</html>
