3300 5225
364 605 468 656 nissi
493 605 654 658 nxxxrr.
676 605 1002 660 conscensurus.
1172 594 1260 663 4617

142 747 280 810 Dolebst
290 749 321 810 iu
333 749 427 811 oculis
437 751 499 810 ouis
510 750 645 812 fortunas
656 751 803 812 sociorum
816 749 905 833 diripi
923 750 1023 834 Sylla,
1044 749 1097 814 ted
1194 759 1199 770 “

140 846 268 907 militem
280 847 437 909 formidine
449 847 580 908 noudum
593 848 750 909 liberatum
763 850 919 909 certamini
933 869 992 910 non
1006 848 1098 910 aude·

141 946 197 1006 het
217 945 358 1025 objicere.
400 945 566 1006 Laboribus
586 965 656 1026 ergo
679 954 769 1026 etque
790 966 912 1026 operum
929 946 1021 1009 tedio
1041 967 1097 1026 pu·
1109 951 1262 1004 Frontoni.

141 1045 230 1106 tabet
241 1043 351 1104 adduci
365 1063 459 1124 posse,
481 1052 516 1105 ut
538 1045 636 1125 potius
656 1063 787 1124 pugnam
808 1052 972 1124 poscerent.
1014 1043 1177 1124 Ipse‚P1ne

141 1141 240 1202 missis
264 1140 303 1200 ad
328 1141 516 1202 Archelaum
541 1139 658 1221 legetis,
694 1141 776 1221 pacis
805 1141 982 1202 mentionem
1009 1142 1098 1201 inter·
1111 1145 1194 1198 Front.
1205 1162 1225 1198 1.
1236 1152 1262 1198 t.

141 1239 253 1318 posuit,
272 1236 408 1298 induoiss
427 1259 546 1319 quoqne
558 1247 682 1319 pectus:
703 1257 763 1316 quo
775 1238 952 1298 securiorem
970 1235 1101 1300 efficeret

141 1336 271 1405 liutem,
283 1346 315 1396 et
326 1343 424 1396 cestra
436 1356 491 1396 sus
504 1338 535 1396 in
547 1337 685 1396 tutiorem
695 1335 793 1396 locum
806 1334 986 1406 transferret.

181 1439 216 1494 8.
238 1431 369 1512 Utrique
380 1419 506 1500 consilio
516 1432 603 1493 sicuti
617 1433 694 1499 ratio
708 1431 846 1502 effueret,
859 1431 979 1492 fortune
991 1439 1023 1492 et
1032 1453 1098 1492 sue·

73 1527 78 1538 ’
139 1547 244 1588 mus
265 1527 422 1588 affuerunt.
463 1526 566 1588 Tertio
587 1528 648 1600 die,
673 1538 832 1609 postquem
853 1527 1017 1589 derireudo
1038 1527 1098 1590 Ge·
1110 1541 1179 1593 ΡΜ.

141 1624 223 1705 phisi
236 1624 368 1698 flumine,
389 1623 532 1706 fossisque
549 1625 694 1687 ducendis
711 1625 829 1704 setigeri
849 1635 1011 1707 ceperant,
1024 1647 1099 1706 prse-

140 1731 307 1782 tereuntem
333 1722 409 1783 sorte
437 1721 557 1806 Syllam
582 1743 690 1803 megno
713 1744 781 1784 eum
806 1723 939 1787 clamore
963 1724 1100 1805 prelium
1133 1769 1140 1780 .

140 1826 350 1900 poposcerunt.
393 1817 454 1880 llle
476 1841 533 1880 non
555 1839 684 1902 pugnem
703 1820 896 1901 cupientium,
916 1820 969 1881 sed
989 1819 1100 1883 laboris

139 1926 336 1995 peroemrum
359 1917 438 1977 huuc
459 1916 618 1978 clamorem
639 1915 733 1978 sideri
756 1918 924 1998 increpem,
946 1915 1097 1990 ‘Temen

137 2011 165 2070 si
178 2012 236 2073 riri
248 2013 340 2084 estis,’
361 2013 495 2106 inquit:
510 2033 547 2074 en
559 2013 644 2074 robis
656 2012 767 2084 locum,
780 2033 870 2093 quem
881 2012 1034 2095 extemplo
1045 2033 1097 2074 ce·

139 2111 255 2190 pistis?
295 2109 392 2170 Simul
414 2111 543 2171 ostendit
568 2109 690 2172 arduum
716 2120 956 2192 praeruptuurque
977 2111 1098 2184 collem,

139 2206 195 2265 uhi
207 2206 359 2286 quondam
373 2207 413 2267 sd
426 2207 609 2268 confluentes
619 2207 693 2269 Asai
702 2207 885 2288 Cephisique
894 2228 950 2268 arx
959 2206 1099 2288 Parapo-

138 2303 300 2363 tamiorum
320 2311 451 2364 steterat.
493 2304 548 2366 Ad
571 2304 650 2364 hunc
670 2303 878 2385 occupsndurn
897 2304 1003 2364 eodem
1024 2313 1099 2364 tem-

140 2419 216 2480 pore
235 2399 317 2459 missi
336 2400 375 2462 ah
393 2401 547 2463 Archelao
568 2399 774 2481 chalcaspides
791 2402 894 2462 ibent:
915 2400 969 2462 sed
988 2400 1101 2461 eximia

141 2495 350 2558 Romanorum
382 2497 539 2560 alacritste
569 2500 713 2580 prevenit
736 2519 787 2560 eos
814 2497 916 2579 Sylla,
941 2484 1113 2580 locumque

140 2595 348 2656 communivit.

183 2698 216 2755 '1-
239 2690 287 2752 Ut
293 2694 360 2771 jam
381 2692 476 2755 redire
495 2692 639 2753 militibus
658 2694 751 2755 virtus
765 2701 798 2753 et
818 2712 969 2773 armorum
987 2692 1101 2755 fiducie

137 2787 244 2869 erepit,
259 2786 411 2869 Syllreque
423 2788 629 2871 exploratores
641 2788 816 2861 retulerunt,
838 2799 847 2827 ‘
861 2798 962 2851 ceatm
973 2789 1102 2853 hostium

139 2904 202 2944 nou
227 2904 337 2963 nncguo
359 2884 533 2967 plerumque
559 2884 698 2966 presidio
724 2884 892 2955 custodirie
922 2893 1037 2950 ceteros
1061 2885 1239 2947 adnisum
1267 2922 1273 2936 ·

141 2980 287 3063 piudan,
306 2982 480 3045 frumeutire
494 2990 547 3043 eut
560 2981 664 3064 pabuli
684 2982 869 3047 convellendi
884 2982 980 3061 gretia
992 2984 1100 3063 passim

139 3078 288 3157 evageris
318 3078 485 3152 redeuntes,
511 3079 563 3140 ubi
593 3098 647 3161 per
676 3087 794 3139 noctem
820 3080 948 3158 ignibus,
973 3078 1102 3140 interdiu

140 3174 238 3245 fumo,
269 3174 428 3237 adrentum
450 3194 535 3237 suum
559 3172 786 3260 significassent,
813 3176 906 3256 portis
930 3175 1102 3257 petentibus

139 3260 301 3333 intromitti
310 3294 320 3345 ;
342 3293 436 3354 eaque
446 3292 549 3335 secure
562 3280 594 3335 et
605 3271 788 3351 negligenter
801 3272 903 3333 omnia
914 3273 983 3351 egi;
1004 3293 1100 3353 quau·
1111 3292 1181 3344 Plnt.

139 3380 235 3451 tuque
245 3370 314 3450 plns
326 3368 435 3431 ducum
448 3372 530 3453 ipsis,
542 3377 628 3431 teuto
641 3370 738 3431 miuus
749 3370 884 3451 obsequii
898 3390 961 3431 esse
973 3370 992 3431 :’
1012 3377 1099 3433 ceca·
1112 3390 1240 3444 nm..

139 3470 226 3529 n'one
244 3488 314 3529 mers
333 3487 471 3547 magnum
483 3468 618 3529 herberie
638 3468 858 3538 detrimentum,
871 3476 914 3538 et,
933 3467 1007 3547 quia
1028 3487 1100 3529 nec·
1190 3500 1194 3506 ·

139 3566 336 3645 opinantibus
364 3563 524 3639 acciderat,
551 3566 711 3647 msjoram'
726 3582 766 3629 ex
802 3563 963 3626 securitate
987 3573 1100 3625 metrrm

139 3660 256 3723 serbe

183 3766 216 3819 8.
237 3756 496 3819 Frumentatorum
513 3758 616 3841 aliquo
629 3778 750 3822 numero
762 3764 902 3838 excepto,
914 3776 983 3817 curn
995 3757 1100 3819 robus-

136 3857 288 3917 tissimum
307 3874 453 3936 quemque
472 3856 677 3929 interfecisset,
694 3856 836 3936 reliquos,
855 3875 876 3915 s
896 3874 1022 3935 quorum
1044 3855 1102 3915 im·

135 3952 311 4013 bacillitate
336 3950 410 4011 nihil
433 3954 595 4026 metschet,
622 3953 757 4015 remrmtis
782 3952 871 4013 muris
892 3952 954 4011 suis
979 3970 1100 4031 pergere

131 4068 243 4111 secum
250 4048 353 4130 jussit.
394 4046 473 4109 Cum
485 4049 516 4110 in
529 4050 659 4111 vicinum
671 4049 775 4111 cashin
787 4049 887 4110 locum
899 4048 1026 4109 obscure
1032 4048 1100 4126 jeus

133 4156 231 4208 nocte
240 4156 363 4208 renerus
373 4156 459 4219 και,
472 4154 481 4183 ⁸
492 4144 545 4207 Ne
557 4134 611 4207 ron
622 4146 739 4227 fugist,'
751 4146 860 4226 inquit,
874 4154 883 4180 ‘
895 4164 985 4224 quum
996 4142 1103 4205 salutis

132 4259 293 4305 eonem
311 4242 485 4305 mercedem*
500 4242 658 4325 postrrlem,
681 4242 820 4304 excitetis
842 4241 961 4320 ignibus
982 4239 1099 4320 signum

133 4340 227 4422 quod
241 4341 317 4401 iuter
333 4360 387 4403 vos
403 4342 553 4413 convenit,
571 4340 676 4403 restris
692 4340 772 4401 date.
817 4338 883 4399 Ubi
896 4335 1045 4400 redditum
1059 4338 1099 4399 eb

132 4436 207 4500 illis
226 4438 340 4517 signum
357 4436 458 4510 luerit,
479 4438 518 4500 ed
533 4448 633 4501 cestra
652 4438 857 4509 succedamus,
879 4444 999 4518 apertus
1017 4435 1098 4497 head

211 4552 330 4619 ΜΡΝ
342 4553 476 4607 rancus.
651 4552 747 4605 Livia
1131 4548 1163 4599 13
1179 4548 1199 4599 S
