3300 5225
243 4202 246 4211 .
385 4159 521 4212 DiodFael.

370 4241 387 4273 x

352 528 440 599 44ae
827 554 864 606 r.
887 552 983 603 mvn
1034 514 1035 517 ι
1103 604 1108 616 ,

517 690 676 757 derentur:
696 714 765 757 cunr
778 694 935 769 Servilius,
948 698 1034 778 qussi
1047 698 1197 781 mencipie
1208 699 1351 761 conviciis
1369 700 1475 761 minis-

370 788 447 847 niort.
463 804 506 859 so·
519 810 578 871 que
590 790 729 853 ferociter
741 792 894 875 increpat:
916 802 926 831 ‘
942 792 1027 855 Proh
1039 792 1159 875 Jupiter
1170 795 1190 853 l’
1211 796 1317 877 inquit,
1332 805 1341 833 ⁴
1359 795 1475 877 Diique

356 855 438 907 vm
517 887 620 959 ceteri,
633 889 686 969 qui
703 887 876 951 Romenum
895 888 1080 972 Capitolium
1097 890 1165 951 ideo
1177 891 1314 953 nimirum
1332 892 1475 965 incolitis,

518 984 663 1066 quodibi
687 996 780 1068 ceput
796 1007 893 1047 rerum
917 996 1117 1067 terrorumque
1143 990 1285 1061 omnium,
1311 990 1475 1071 sedemque

518 1083 596 1143 sicut
606 1084 760 1145 nursinum
768 1092 944 1155 vestromru,
957 1085 1001 1145 sic
1012 1085 1127 1166 imperii
1140 1084 1370 1158 csse.voluistis;
1391 1088 1476 1168 quod
1585 1083 1587 1090 ’

518 1188 633 1241 tentum
645 1179 818 1241 admisimus
837 1180 932 1252 nelos,
951 1191 986 1242 ut
1004 1182 1070 1242 hec
1087 1182 1202 1255 nudire,
1221 1182 1285 1243 hec
1297 1183 1399 1245 ridere
1411 1193 1476 1245 tern

518 1277 598 1339 frede
615 1298 652 1339 ec
671 1276 813 1359 pudende
833 1278 1001 1359 cogeretis?
1033 1278 1118 1339 Eone
1138 1279 1270 1339 deveniri
1290 1280 1478 1360 indignitatis

518 1376 660 1457 oportuit,
675 1385 709 1435 ut
726 1373 802 1437 Itell
818 1394 872 1436 nos
890 1384 1123 1448 contemnerent,
1136 1386 1167 1437 et
1186 1397 1260 1457 quos
1279 1380 1478 1459 potentissimi

519 1492 603 1551 reges
628 1470 801 1543 formident,
825 1470 985 1533 clientibus
1007 1474 1113 1533 nostris
1134 1474 1297 1534 contemtui
1322 1476 1477 1536 essemus?

519 1566 591 1629 Jeru
604 1568 704 1649 igitur,
716 1570 741 1630 si
757 1568 826 1630 Diis
838 1568 949 1649 placet,
971 1570 1100 1649 regimen
1120 1590 1219 1630 rerum
1233 1571 1408 1632 Asculenus
1419 1592 1476 1633 ce·

520 1673 628 1748 pesset,
641 1675 673 1727 et
684 1686 739 1749 pro
751 1664 901 1727 Romame
922 1665 1067 1726 Patribus
1082 1666 1146 1727 lete
1163 1668 1295 1747 gentium
1313 1688 1478 1750 regumque

521 1761 666 1823 Picentes
677 1764 897 1847 temperabunt.
928 1761 970 1824 Id
982 1782 1053 1824 vero
1062 1762 1177 1825 lacinus
1191 1762 1244 1823 Dii
1254 1766 1454 1846 prohibessint
1466 1766 1476 1825 Ι

521 1868 584 1930 eut,
604 1860 629 1919 si
652 1870 715 1921 tem
735 1860 867 1921 nefande
888 1862 1057 1942 permittere
1077 1857 1284 1933 decrere'runt,
1298 1864 1379 1944 prius
1390 1864 1479 1944 quic-

521 1954 593 2036 quid
621 1976 746 2038 usquem
768 1966 814 2019 est
838 1956 970 2019 Remum
998 1956 1124 2017 nominis
1150 1958 1354 2019 intemeratum
1377 1958 1487 2021 edhuc·

521 2052 770 2135 impollutamque
789 2054 910 2135 pereetl
942 2053 1021 2117 Mihi
1042 2052 1164 2135 quidem
1190 2055 1282 2115 satius
1303 2054 1403 2127 fuerit,
1425 2056 1479 2119 vel

522 2150 606 2211 mille
619 2160 728 2211 mortes
743 2150 884 2233 perferre,
898 2170 988 2232 quem
1003 2150 1080 2211 henc
1100 2160 1215 2211 tentem
1237 2152 1336 2212 subire
1352 2152 1478 2231 ignomi-

522 2247 616 2320 niem,
632 2256 666 2308 ut
686 2266 754 2310 mco
771 2250 912 2329 suffragio
928 2250 981 2329 jus
993 2248 1165 2309 Romanum
1179 2248 1218 2310 nd
1235 2248 1386 2311 dedititios
1405 2270 1479 2312 nos-

500 2353 737 2407 ·uosnmeat
966 2422 969 2427 ¹

564 2450 597 2505 4.
618 2442 782 2504 ‘Vestrum
792 2450 892 2503 nutem
905 2441 1033 2503 furorem
1046 2444 1144 2505 mireri
1154 2444 1226 2503 setis
1236 2462 1362 2523 nequeo,
1377 2440 1480 2503 Ascu-

524 2540 598 2614 lsni,
610 2560 686 2623 quos
698 2560 756 2601 non
770 2539 874 2622 populi
890 2538 1021 2601 Romeui
1035 2532 1176 2622 mejestes
1191 2539 1279 2614 ultre,
1297 2559 1355 2600 non
1370 2548 1483 2601 vernn·

524 2661 594 2701 rurn-
612 2640 720 2702 virium
746 2639 907 2722 reputatio,
930 2659 967 2700 ne
990 2640 1094 2720 prioris
1115 2639 1237 2721 quidem
1262 2640 1320 2700 ιιι
1339 2639 1483 2700 memorie

524 2738 665 2810 deterret,
688 2757 726 2797 ne
746 2746 809 2797 turn
834 2737 1000 2818 perniciose
1023 2737 1199 2818 inciperetis.
1242 2736 1321 2797 Cum
1343 2735 1483 2796 omnibus

527 2833 627 2896 Itnlioe
643 2833 762 2916 populis
774 2835 902 2913 majores
914 2835 1007 2894 nostri
1020 2833 1207 2896 bellaverunt
1214 2855 1223 2904 ς
1245 2854 1300 2894 uec
1313 2853 1368 2915 per
1385 2833 1482 2892 omni·

525 2931 582 2992 bus
593 2940 647 2993 eut
658 2932 762 3004 virtus,
772 2939 827 2992 eut
838 2931 990 2992 resistendi
1003 2933 1132 3014 spetlum
1150 2931 1217 2992 tuit.
1259 2929 1362 2992 Nemo
1378 2939 1483 2990 umen

364 3031 424 3098 Sep.
435 3032 515 3082 M·
526 3030 657 3091 omnium
671 3049 756 3110 eque
769 3027 860 3090 facile
881 3038 973 3110 etque
991 3029 1137 3092 Picentes
1149 3030 1266 3090 subacti
1286 3037 1364 3090 sunt.
1407 3025 1483 3087 Uno

527 3126 631 3206 prelio
642 3127 728 3198 uicti,
738 3124 880 3186 continuo
891 3147 953 3186 sese
964 3126 1005 3187 P.
1018 3125 1201 3208 Sempronio,
1213 3136 1244 3187 et
1252 3126 1339 3207 primi
1349 3125 1483 3184 omnium

527 3222 686 3293 Asculani,
701 3221 887 3283 dediderunt.
929 3221 996 3284 Vos
1006 3224 1106 3303 igitur,
1121 3225 1172 3305 qui
1185 3234 1247 3286 tem
1260 3223 1320 3284 levi
1332 3213 1484 3282 momento

526 3340 611 3402 spem
623 3318 770 3381 libertntis
778 3321 909 3402 objicere
918 3320 1020 3382 soletis
1022 3322 1148 3403 quibus
1156 3321 1314 3402 prestigiis
1320 3318 1486 3380 dementnti

366 3446 462 3496 ow
463 3449 518 3498 8,8,
528 3417 568 3480 ιιι
581 3417 786 3480 rebellandum
797 3417 889 3480 vultis
908 3439 973 3480 esse
993 3420 1172 3500 principesl’
1193 3418 1267 3480 Non
1280 3418 1433 3480 tulerunt
1425 3427 1486 3480 rste

364 3512 431 3626 113·
414 3510 500 3577 οιιιι
528 3515 740 3578 vociferantem
753 3516 916 3588 Asculani,
930 3526 1014 3580 tnnto
1032 3516 1128 3578 lurore
1149 3517 1332 3586 exacerbati,
1352 3517 1484 3596 utquic·

384 3641 438 3692 cic.
449 3654 494 3705 p„
530 3613 604 3695 quid
623 3613 805 3695 deprehendi
826 3615 937 3676 civium
964 3614 1198 3675 Romanorum
1189 3635 1219 3690 pr
1239 3614 1352 3697 oppido
1373 3613 1485 3694 potuit,

365 3707 519 3822 renuere.
511 3730 599 3770 ·cum
611 3711 676 3792 ipso
685 3711 872 3792 proconsule,
884 3711 1077 3792 legatoque
1049 3731 1116 3792 eJus
1126 3711 1263 3784 Fonteio
1273 3710 1485 3782 trucideretur,

366 3771 466 3886 Ἢ
455 3803 617 3901 E'ppbonis
636 3809 767 3870 omnium
788 3809 922 3892 direptis.
964 3809 1019 3870 Ab
1036 3810 1093 3870 hoc
1111 3812 1208 3882 initio,
1221 3829 1288 3870 cum
1305 3808 1486 3870 ultredini-

368 3915 423 3951 ¹¹¹
401 3915 492 4015 'Vh
531 3905 735 3968 mulnndinon
745 3907 928 3982 essetloous‚
941 3927 993 3989 per
1007 3906 1108 3968 lentie
1121 3907 1488 3990 populoscturbessigne

229 4026 235 4044 ¹
302 4067 309 4086 ,
384 3965 467 4082 ,888”,
475 3981 714 4078 v'cecinerunt
733 4005 918 4067 discurrente
926 4007 1050 4088 possim
1068 4005 1257 4088 Pompaedio,
1277 4024 1366 4087 quem
1379 4003 1486 4085 praeci-
1526 4026 1528 4032 ¹

368 4047 467 4147 ι’Νιιι
468 4098 521 4146 ··¹⁰
515 4123 622 4184 ·puern
645 4104 730 4165 istius
751 4103 825 4182 belli
846 4104 942 4166 fecem
965 4104 1055 4165 luisse
1077 4105 1268 4166 consentitur.
1309 4103 1375 4162 Hic
1396 4103 1488 4182 igitur

391 4241 480 4276 xxvu.
533 4220 602 4261 cum
614 4201 725 4283 primos
740 4203 871 4264 omnium
893 4203 1012 4263 Marsos
1028 4223 1097 4263 suos
1118 4201 1278 4274 eduxisset,
1301 4221 1409 4262 nomen
1429 4200 1487 4260 toti

388 4355 440 4405 Liv.
456 4353 523 4420 Epi
532 4298 706 4372 benefecit,
717 4308 752 4361 ut
764 4321 784 4360 n
794 4301 945 4382 plerisque
959 4301 1120 4362 Marsicum
1134 4301 1312 4383 eppellctur.

370 4421 436 4473 vell
448 4421 520 4474 010·
574 4404 604 4460 ὁ.
626 4396 719 4459 Ηιι“
711 4419 743 4458 ru
763 4399 836 4460 urbe
856 4400 1016 4479 cognitis‘
1028 4398 1187 4461 tumultum
1207 4419 1270 4460 esse
1281 4398 1489 4460 'decretumt
