3300 5225
401 586 505 636 nrnnr
531 585 669 636 xovrrr.
691 585 1016 635 sorrnnunururr.
1181 566 1269 635 4848

152 730 222 791 luce
235 748 294 789 non
308 726 436 792 inflatior
455 728 543 790 solito
557 728 725 811 Euphrates
736 748 843 811 parvas
856 730 886 789 in
900 727 1005 789 mediis
1021 729 1107 808 aquis
1194 767 1199 784 1

150 825 264 887 insulas
280 826 459 896 ostenderet,
475 826 672 887 adoraverunt
691 825 862 898 Lucullum,
884 825 1011 886 amicum
1039 825 1108 885 Deo

150 924 361 1005 imperatorem
378 925 448 995 rati,
463 925 549 1002 cnjus
561 924 680 985 honoris
690 944 782 985 causa
794 930 900 1004 praetor
911 922 1032 983 solitum
1045 932 1107 983 tarn

150 1021 534 1086 citoomnisdetumuisset.
1179 1074 1183 1081 .

195 1124 246 1178 33.
266 1116 343 1179 Alia
360 1116 468 1178 deinde
483 1118 570 1179 haud,
581 1119 678 1179 minus
696 1117 816 1179 insolita
833 1138 879 1179 res
895 1116 1000 1177 oblata
1012 1126 1106 1177 trans-
1121 1128 1190 1178 Plan.

151 1234 263 1293 gresso,
276 1214 444 1295 opinionem
457 1215 607 1276 hominnm
620 1213 760 1277 firmavit.
801 1215 955 1275 Pascebat
967 1215 998 1273 in
1011 1234 1050 1273 ea
1061 1233 1106 1273 re-

152 1312 242 1389 gione
265 1310 398 1371 Persicae
416 1309 525 1373 Dientc
541 1331 658 1373 sacrum
676 1318 851 1384 armentum,
871 1309 1015 1393 peculiari
1035 1319 1108 1371 nota

152 1408 278 1487 insigne,
291 1416 323 1469 et
334 1408 472 1469 humanis
483 1410 583 1469 risibus
595 1418 757 1470 exemtum.
799 1409 850 1469 Ex
864 1429 913 1481 eo,
927 1408 979 1475 ubi
992 1418 1108 1490 tempus

152 1504 293 1567 sacrificii
305 1508 446 1579 venisset,
459 1507 633 1589 plerumque
646 1528 704 1569 non
718 1508 782 1569 sine
803 1527 912 1587 magno
930 1506 1032 1567 labore
1044 1506 1107 1567 vic·

153 1604 233 1665 tima)
248 1603 431 1686 capiebatur.
474 1604 535 1665 Sed
555 1613 619 1665 turn
642 1604 721 1665 ultro
739 1604 779 1665 ad
797 1613 922 1685 petram,
937 1623 1006 1683 quic
1024 1623 1110 1663 sacra

156 1700 234 1763 Dee
245 1701 381 1774 hahetur,
394 1703 502 1783 insigni
513 1704 611 1785 specie
622 1704 676 1765 bos
688 1702 864 1773 concedens,
873 1722 911 1763 eo
920 1701 988 1762 loco
999 1702 1109 1763 consti·

155 1800 205 1871 tit,
218 1799 403 1879 demissoque
420 1802 529 1883 capite,
547 1810 690 1882 tanquam
703 1810 780 1861 reste
793 1802 969 1871 traheretur,
982 1800 1109 1861 hostiam

153 1917 187 1957 se
200 1899 327 1979 praebuit
339 1898 476 1959 Lucullo.
518 1897 579 1959 Ille
593 1908 624 1959 et
634 1898 691 1959 hoc
704 1898 820 1980 peragit
836 1918 964 1969 sacrum,
977 1908 1009 1958 et
1020 1918 1108 1979 prop·

153 2002 199 2055 ter
219 1994 339 2057 facilem
354 1997 508 2057 transitum
524 2006 642 2057 murum
661 1996 829 2057 immolavit
847 1996 1004 2077 Euphrati.
1046 1994 1110 2061 His

152 2092 261 2155 eodem
271 2094 321 2155 die
334 2093 482 2175 perlectis,
497 2103 613 2205 postero
626 2094 874 2174 sequentibusque
884 2114 937 2175 por
950 2093 1108 2203 Sophenen

154 2192 213 2251 iter
223 2189 305 2265 iecit,
318 2200 426 2272 paceto
439 2192 568 2271 agmine,
577 2191 659 2272 quod
670 2191 781 2253 incolae
790 2190 926 2272 pacificis
935 2191 1042 2265 pnimis
1053 2191 1107 2251 irn-
1136 2190 1244 2255 Appia.
1268 2236 1275 2250 ,

155 2296 262 2369 perata
274 2289 417 2349 facientes
435 2288 518 2349 nulle
534 2310 564 2349 re
584 2289 689 2351 violari
701 2290 847 2350 voluerat.
887 2287 950 2349 Sed
962 2297 994 2349 et
1005 2288 1107 2349 militi·
1119 2254 1232 2375 qund

154 2385 212 2445 bur
223 2384 382 2446 castellum
393 2385 556 2466 quoddam,
568 2386 620 2449 uhi
631 2406 754 2466 magnos
766 2406 830 2446 esse
842 2387 995 2447 thesauros
1006 2385 1110 2447 audie·

154 2491 233 2553 rant,
246 2502 352 2563 cepere
364 2481 542 2554 volentibus,
554 2492 672 2545 ostenso
685 2482 788 2565 procul
802 2490 901 2543 monte
913 2481 1048 2553 Tauro,‘
1062 2480 1108 2541 ls-

154 2579 210 2640 tud
229 2579 348 2660 potius,’
366 2579 471 2661 inquit,
493 2574 745 2642 ‘exscindendum
765 2580 852 2642 nobis
868 2577 1035 2661 presidium
1053 2587 1108 2638 cst

156 2674 243 2736 Nam
261 2677 326 2738 haro
342 2676 462 2756 quidem
475 2677 638 2738 victoribus
650 2678 825 2739 servantur!
868 2676 990 2755 Magnis
1000 2675 1108 2736 deinde

155 2775 480 2856 itineribusadTigrin,
488 2777 586 2839 ethoc
594 2797 713 2859 quoque
726 2786 878 2858 snperato,
888 2777 919 2836 in
934 2775 1110 2837 Armeniam

157 2873 309 2954 processit.

197 2975 248 3032 34.
270 2969 341 3032 Nec
354 2972 510 3053 quisquam
527 2975 592 3036 ibat
604 2973 735 3046 obviam,
748 2975 853 3052 ignaro
863 2970 994 3033 omnium
1004 2970 1108 3050 Tigra-
1121 2987 1232 3054 Appiae.

157 3085 206 3138 ne,
219 3067 268 3127 cui
288 3071 426 3130 nuntiare
441 3069 561 3132 Luculli
579 3070 738 3131 adrentum
759 3071 891 3130 audehat
909 3087 1008 3138 nemo,
1029 3066 1110 3148 quod

156 3164 210 3242 qui
222 3165 332 3245 primus
350 3166 381 3226 id
394 3167 516 3238 feceret,
530 3175 674 3248 tanquam
686 3166 862 3228 civitatibus
870 3163 1025 3226 turbandis
1035 3183 1109 3224 nan-

156 3259 233 3320 tium
244 3259 379 3340 tingeret,
391 3264 514 3346 'capitali
532 3263 678 3346 supplicio
690 3271 756 3324 erat
774 3262 910 3324 affectus.
951 3261 994 3320 Et
1005 3259 1108 3321 adula-
1120 3268 1188 3319 Plut-

156 3363 237 3416 torcs
248 3355 402 3418 blanditiis
414 3368 446 3419 et
454 3359 592 3420 laudibus
604 3379 698 3422 vanos
706 3359 826 3441 spiritus
838 3357 994 3430 intlabaot,
1009 3365 1110 3444 tegre·

156 3451 239 3530 glum
258 3452 320 3514 iore
341 3453 447 3516 ducem
470 3455 645 3516 Lucullum’
667 3455 850 3527 dictitantes,
870 3456 914 3515 ‘si
931 3453 980 3517 rel
1000 3453 1112 3535 Ephesi

157 3558 300 3628 expectet
311 3551 495 3630 regisregum
505 3552 658 3632 impetum,
666 3571 721 3612 nec
731 3551 771 3612 ad
783 3553 908 3634 primum
920 3558 1111 3660 conspectum

159 3646 417 3708 innumerabilium
429 3650 581 3730 copiarum
596 3648 753 3729 diffugiat!
793 3648 929 3710 Tandem
947 3669 1023 3708 unus
1037 3648 1110 3709 ami·

156 3761 259 3802 corum
282 3743 541 3806 Mithrobarzanes
560 3767 661 3808 verum
680 3747 809 3807 iudicare
833 3767 931 3817 cuuis,
949 3746 1112 3824 evestigio
1122 3748 1245 3864 ‘Appiam

157 3837 398 3900 mrmtistribun
418 3841 550 3921 equitum
571 3842 711 3915 millibus,
729 3851 760 3902 et
779 3842 891 3920 ingenti
905 3840 1037 3927 pediturn
1056 3862 1111 3901 nu·
1205 3821 1226 3863 ι

158 3953 251 4090 msdro,
271 3933 426 3996 Romanos
445 3938 606 4000 obterere
591 3959 692 4018 Jussus
708 3949 766 4012 est,
780 3939 877 4000 solum
889 3937 1037 3998 ducem
1010 3958 1112 3998 vivum

199 4035 363 4190 uddeledrte
375 4138 474 4190 cestra
485 4133 591 4194 metari
610 4133 734 4213 primum
746 4151 866 4192 suorum
878 4149 985 4209 agmen
1001 4127 1111 4189 Lucul-

158 4223 205 4284 lus
212 4223 354 4304 jusserat,
367 4224 461 4288 donec
474 4227 589 4309 reliqua
605 4248 674 4310 pars
693 4228 851 4298 exercitus,
860 4246 928 4308 quar
940 4225 1038 4286 adhuc
1048 4231 1113 4285 erat

159 4319 189 4379 in
206 4321 323 4392 itinere,
338 4324 543 4393 snccfflissett
565 4345 634 4385 cum
655 4324 756 4386 odone
774 4324 819 4385 illi
838 4325 936 4384 hostes
950 4323 1110 4382 nuntiatur.

161 4413 280 4479 Idcirco
292 4438 329 4478 ne
343 4417 499 4482 distractas
510 4421 612 4501 copiae
624 4420 761 4482 Armenii
773 4421 981 4504 opprimerent,
996 4421 1058 4501 ipse
1071 4415 1111 4478 ad
