3300 5225
426 612 532 661 urani
559 612 691 661 oxxrr.
711 611 1039 663 sunnennsnron.
1208 597 1297 665 4443

217 762 268 816 15.
282 752 336 814 ‘A
348 754 513 833 majoribus
524 756 640 826 vestris,
650 764 684 817 et
695 755 785 835 hujus
796 755 879 815 urbis
891 754 1039 835 frequenti
1052 754 1131 817 sedi·
1192 756 1207 777 ¹

178 855 256 915 tione
268 852 387 924 discite,
400 854 542 933 quamsit
558 852 691 924 difficile,
703 853 844 913 dvorsus
856 853 935 913 viros
948 861 980 913 et
993 862 1133 925 armatos,

177 952 266 1015 simul
291 960 323 1011 et
346 951 537 1011 securitatem
559 971 655 1023 mam,
681 961 713 1011 et
737 960 841 1031 erepta
866 948 934 1011 aliis
948 953 1021 1030 jura
1046 952 1133 1019 tueri.

179 1051 281 1125 Quam
303 1049 497 1131 pertinaciter
519 1048 590 1109 olim
611 1049 729 1129 petricii
751 1049 854 1119 vestri,
875 1036 1000 1128 quorum
1019 1056 1083 1109 tum
1104 1050 1134 1111 in

178 1166 267 1208 manu
287 1154 373 1207 erant
389 1146 501 1216 omnia,
518 1154 729 1227 repugnarunt,
753 1165 790 1203 ne
813 1145 924 1205 tribuni
943 1144 1038 1225 plebis
1050 1164 1134 1205 cree-

178 1244 302 1305 rentnri
345 1242 554 1328 creatisnnt:
575 1263 736 1323 eorumque
753 1252 883 1324 potestus
894 1244 922 1302 in
936 1251 1049 1303 tautum
1063 1264 1134 1303 eva·

177 1342 243 1413 luit,
254 1352 289 1401 ut
297 1342 482 1402 nobilissimo
495 1343 603 1422 cuique
614 1342 876 1422 potentissimoque
890 1342 1020 1400 maxime
1032 1339 1132 1399 sormi·
1156 1377 1159 1386 s

177 1439 287 1502 dabilis
303 1448 389 1499 esset.
433 1440 548 1500 lterum
561 1438 680 1509 deinde,
699 1460 752 1519 per
770 1439 898 1519 speciem
917 1437 1135 1500 decemviratus

178 1539 372 1599 obtinuerunt
393 1537 599 1618 tyrannidem:
622 1536 677 1597 illa
699 1557 817 1617 qnoque
840 1556 908 1597 cum
931 1537 1059 1617 pernicie
1080 1556 1135 1597 sun

177 1654 269 1714 quam
284 1636 347 1696 cito
363 1644 433 1695 sunt
449 1633 580 1713 dejecti?
631 1633 828 1694 Matrimonia
848 1634 1043 1714 plebeiorum,
1068 1643 1135 1694 tan-

178 1752 269 1812 quam
283 1752 346 1792 rem
358 1733 495 1791 miseram
506 1740 539 1791 et
550 1729 732 1812 pudendum,
745 1751 814 1792 cum
826 1740 925 1793 essent
937 1731 1135 1792 vehementis-

175 1830 249 1891 sime
262 1831 404 1901 aversati,
417 1838 565 1911 postremo
577 1830 741 1891 concedere
759 1831 857 1891 coacti
870 1840 948 1891 sunt.
991 1830 1136 1891 Plebeioe

176 1929 218 1987 ab
234 1928 408 1997 honoribus,
426 1927 613 1998 sacerdotiis,
628 1928 849 2006 magistratibus
871 1927 923 1988 diu
943 1927 1134 2008 repulerunt:
1258 1976 1260 1981 .

176 2024 230 2084 sed
249 2034 406 2105 postquem
419 2023 465 2084 illi
478 2044 579 2084 curere
592 2023 671 2084 ultra
684 2026 754 2104 jure
772 2024 853 2105 quod
866 2046 898 2084 se
911 2026 1015 2085 mereri
1028 2026 1134 2085 sentie-

177 2122 252 2182 bant
269 2121 439 2192 noluerunt,
459 2120 491 2182 id
510 2140 630 2201 quoque
649 2142 720 2181 cnm
739 2120 800 2181 illis
817 2104 1067 2183 communicatum
1080 2130 1134 2183 est.

178 2217 274 2285 Quod
299 2218 389 2295 igitur
411 2218 509 2279 tennis
530 2227 647 2278 tumet
668 2218 753 2299 inops
773 2217 827 2279 illa
844 2217 1013 2299 plebecula,
1030 2218 1134 2281 illacx

177 2316 269 2375 variis
293 2314 394 2375 ltaliae
418 2316 552 2395 partibus
564 2314 691 2376 collecta
704 2315 859 2387 colluvies,
873 2317 1005 2377 obtinere
1025 2318 1135 2399 potuit,

176 2411 409 2473 mumolane
423 2412 634 2493 pernegabifis,
648 2411 804 2473 Romenil

195 2517 269 2571 .lo.
292 2509 402 2577 ‘Quid
414 2510 495 2571 enim
518 2511 550 2569 in
569 2510 712 2591 petitione
724 2520 825 2571 nostra
837 2508 886 2569 vel
905 2511 1038 2590 iniquum
1053 2512 1135 2590 jure,

176 2606 227 2670 rel
247 2606 389 2688 exemplo
413 2605 535 2679 fredum,
558 2606 609 2668 vel
635 2606 675 2669 ad
700 2606 812 2670 lamam
836 2606 1015 2668 dedecorum
1039 2608 1136 2670 inest?

179 2705 283 2772 Quam
297 2704 398 2766 rnultoe
409 2703 528 2765 luerunt
538 2705 752 2766 llorentimimae
764 2715 871 2766 nostrie
883 2706 1030 2776 civitates,
1040 2707 1135 2786 prius-

177 2821 271 2882 quam
285 2800 389 2862 Romu
399 2800 594 2862 conderetur?
636 2802 762 2870 Quanta
773 2803 885 2883 ubique
903 2802 1070 2884 principum
1083 2823 1135 2864 no·

176 2898 302 2960 bilitasi
343 2898 407 2966 Qui
427 2898 609 2960 familiarum
628 2899 791 2981 splendor?
833 2899 1010 2981 Sedneque
1031 2901 1136 2962 virium

176 3017 307 3078 opumve
317 2995 503 3078 publicarum
515 2999 756 3080 privatarumque
770 3000 903 3079 poenitet.
930 2998 1015 3066 Quid
1028 2998 1138 3063 deinde

177 3093 386 3176 postulamus?
428 3094 476 3154 Ut
489 3115 575 3175 pares
590 3096 688 3167 vobis,
701 3095 952 3177 quemadmodum
970 3116 1081 3168 sumus,
1095 3096 1138 3156 ita

177 3192 354 3252 habeamur.
406 3190 527 3252 Haecnc
547 3201 611 3252 tom
633 3193 790 3275 impudens
814 3193 991 3274 postulatio,
1017 3202 1138 3275 tamque

178 3289 399 3350 contumeliosa
421 3299 477 3360 eet,
497 3301 530 3350 et
552 3289 677 3361 nelarie,
699 3299 732 3350 ut
758 3293 856 3372 potius
881 3293 979 3352 omnin
1001 3291 1137 3372 praesanti

175 3407 328 3469 exponere
352 3386 496 3468 periculo,
509 3397 627 3449 vestare
648 3398 738 3468 atque
760 3410 845 3450 urere
864 3389 998 3459 Italiam,
1012 3391 1042 3449 in
1062 3409 1136 3449 eun-

177 3483 247 3544 dem
265 3504 369 3546 cusum
386 3483 521 3546 colonias
541 3478 834 3568 vestresu'rbemque
848 3487 942 3568 ipsum
956 3487 1137 3566 permittere,

176 3579 310 3661 deniqne
328 3581 437 3643 coelnrn
460 3581 556 3663 (qnod
578 3583 675 3662 aiunt)
696 3591 865 3663 terramque
889 3585 1022 3655 miscere,
1047 3603 1137 3664 quam

178 3679 246 3740 lraec
257 3678 435 3750 concedere,
453 3680 611 3760 oporteat?
652 3680 717 3741 Per
729 3681 794 3742 luteo
811 3671 912 3742 omnio
924 3701 990 3762 quae
1004 3681 1137 3740 nomine-

176 3777 288 3847 vimus,
301 3785 334 3836 et
344 3797 397 3857 per
407 3772 518 3837 cuncta
527 3797 595 3856 qure
607 3778 655 3838 luis
665 3779 853 3840 continentur
867 3778 986 3861 pietatis
999 3779 1137 3839 affectus-
1256 3846 1261 3852 A

178 3893 238 3952 que
251 3872 414 3945 vocabula,
427 3873 520 3934 nolite
532 3876 764 3953 consanguineos
785 3876 922 3958 populos,
943 3896 1066 3956 quorum
1085 3875 1137 3934 de-

177 3971 290 4032 beretis
310 3991 410 4032 amare
429 3971 632 4045 concordiam,
644 3974 828 4054 parricidiali
845 3974 927 4035 bello
943 3975 1136 4036 committere.

177 4068 288 4131 Nolite
309 4089 364 4130 ros
384 4091 498 4151 nosque
519 4071 549 4130 in
569 4091 636 4132 eam
657 4073 778 4152 adigere
796 4074 1014 4143 necessitatem,
1029 4081 1062 4132 ut
1085 4093 1138 4152 pro

178 4167 280 4228 hostili
300 4169 443 4246 sanguine
455 4177 616 4248 cognatum
628 4171 816 4232 hauriamus:
838 4171 960 4254 oppida,
978 4171 1059 4242 lana,
1083 4171 1136 4232 do-

179 4285 258 4337 mos,
269 4285 340 4347 quse
357 4267 504 4345 majorum
517 4268 665 4350 utrimque
678 4279 843 4332 soenorum
862 4271 998 4331 menibus
1015 4269 1138 4332 condita

178 4373 258 4434 sunt,
272 4365 380 4424 nostris
392 4363 565 4427 dinnantnr:
587 4367 817 4448 pulcherrimum
831 4367 915 4448 quod
930 4387 1059 4447 unquam
1080 4367 1137 4429 fuit

180 4459 336 4542 inperium
348 4483 417 4524 suas
429 4463 508 4526 iutra
519 4464 621 4529 ruinas
633 4465 805 4546 sepelietur.
847 4463 882 4528 N
884 4485 918 4528 ec
930 4467 1009 4526 enim
1023 4466 1146 4534 nescire
