3300 5225
877 559 913 610 u.
936 559 1035 612 uun

555 701 621 773 bur,
634 701 715 784 quod
730 701 833 764 Taxili
853 703 1039 764 Mithridatia
1052 700 1193 785 petlecto
1209 709 1310 784 portae
1324 701 1503 784 claruerant,

555 796 733 872 libertatem,
750 821 842 882 quam
866 799 1065 862 Macedonico
1082 798 1222 880 Philippi
1238 798 1319 860 bello
1333 801 1504 870 miserant,

424 927 439 960 ιι
555 895 694 958 reddidit.
734 893 1504 978 Thebcuoadimidioagrimulctavit,et‚qaodinde

429 1025 443 1058 u
488 1023 544 1058 .ιιι.
555 995 736 1072 provenisset
756 996 786 1056 iu
807 1003 966 1076 posterum,
988 1015 1043 1076 pro
1059 994 1201 1067 donmiu,
1219 1014 1289 1076 quae
1305 994 1458 1076 Olympia
1474 1001 1505 1052 et

557 1087 685 1172 Delphin
696 1100 727 1153 et
740 1091 888 1174 Epidauri
900 1093 1075 1165 abstulerat,
1085 1091 1156 1153 Jovi
1165 1101 1197 1154 et
1206 1092 1346 1174 Apollini
1359 1101 1391 1152 ct
1400 1091 1504 1152 Raou-

555 1185 637 1270 lepio
657 1193 850 1252 consecravit.
892 1190 1052 1252 Armorum
1072 1190 1180 1251 deinde
1197 1191 1350 1252 hostilium
1367 1211 1504 1252 acervum

555 1285 679 1348 Gabino
690 1289 803 1360 cinctu,
823 1290 921 1370 patrio
932 1309 1026 1361 more,
1041 1287 1110 1349 Diia
1121 1288 1195 1348 belli
1208 1288 1382 1371 praeeidibua
1393 1307 1503 1348 crema-

422 1411 437 1444 ιι
553 1384 617 1445 vit:
638 1395 918 1468 monumentumque
935 1387 1031 1447 felicia
1041 1386 1135 1468 praelii
1150 1385 1245 1445 Menti
1258 1384 1463 1468 Victoriaeque
1474 1395 1507 1446 et

555 1479 667 1542 Veneri
679 1481 878 1544 dedicandum
895 1485 1022 1546 curavit.
1112 1518 1116 1527 -

451 1589 457 1602 ·
490 1623 498 1641 .
593 1583 644 1640 20.
667 1577 746 1640 Cum
757 1581 953 1640 interhmcex
963 1579 1111 1640 continuio
1121 1577 1272 1639 laboribus
1280 1575 1512 1660 modicaquiete'

553 1675 626 1734 antia
651 1675 776 1736 refector
800 1696 868 1737 cum
890 1677 1061 1758 corporibus
1087 1674 1214 1735 militum
1240 1677 1355 1735 animoa
1376 1684 1505 1756 putaret,

555 1768 731 1832 Chalcidem
741 1793 809 1832 cum
820 1774 952 1834 exercitu
967 1771 1116 1854 profectur
1124 1782 1179 1831 eat.
1221 1769 1283 1831 Sed
1296 1771 1369 1851 quia
1380 1772 1507 1831 naribus

554 1868 667 1928 carenti
685 1867 775 1929 facile
795 1868 938 1950 praeludi
952 1867 1051 1928 aditua
1063 1875 1191 1949 poterat,
1205 1866 1360 1948 prmaidiia,
1374 1868 1425 1927 ubi
1437 1887 1505 1948 pro-

554 1961 686 2024 futurum
693 1964 864 2044 judicabat,
877 1965 1037 2050 diapoaitia,
1052 1965 1191 2026 Athenae
1204 1965 1345 2046 penexit‚
1359 1974 1394 2024 ut
1406 1985 1507 2045 pmnaa

554 2057 593 2119 de
614 2061 789 2120 nocentibus
808 2071 946 2123 sumeret.
989 2061 1114 2122 Pindum
1139 2063 1260 2120 omnino
1279 2060 1507 2141 pestiferumque

554 2165 712 2237 tyrannum
726 2158 861 2220 Aristion
878 2169 990 2240 egerat,
1007 2158 1094 2219 etad
1114 2157 1255 2218 luendum
1267 2156 1448 2238 supplicium
1458 2157 1506 2218 di-

424 2271 458 2306 n.
553 2253 664 2314 vinitua
693 2257 723 2316 in
752 2265 930 2340 potestatem
954 2257 1161 2318 Romanorum
1186 2253 1313 2316 traditur
1338 2254 1507 2317 videbatur.

553 2348 632 2412 Cum
652 2353 731 2413 enim
756 2355 868 2415 obsceni
889 2355 1070 2416 munimento
1093 2352 1153 2414 loci
1173 2373 1205 2412 ae
1224 2351 1277 2412 diu
1294 2351 1507 2428 defendiment,

552 2447 732 2531 tandemque
745 2453 869 2534 penuria
880 2471 967 2532 aqum
980 2451 1161 2512 deditionem
1170 2451 1269 2511 coacti
1281 2459 1380 2510 eaaent
1394 2450 1508 2526 facere,

534 2556 536 2563 '
552 2567 590 2608 ea
612 2548 677 2631 ipaa
694 2549 744 2610 die
761 2551 904 2632 horaque,
922 2571 992 2612 cum
1008 2570 1064 2612 arx
1077 2549 1200 2610 Curioni
1213 2555 1259 2608 cat
1270 2547 1391 2622 tradita,
1403 2570 1509 2614 aereuo

552 2645 629 2706 eoelo
642 2654 761 2729 repente
775 2650 867 2708 nubea
885 2649 1121 2727 conglomeratus
1139 2666 1213 2719 enac,
1226 2646 1439 2728 copiosumque
1451 2650 1509 2710 im·

553 2740 636 2801 brem
646 2730 787 2804 cecidiaae
800 2746 948 2808 memoriae
960 2745 1103 2827 proditur.

549 2864 555 2869 ·
594 2844 646 2900 21.
668 2838 757 2921 Sylla
777 2841 961 2902 Aristionem
979 2841 1093 2923 templo
1104 2848 1270 2902 extractum
1283 2861 1427 2903 venenum
1438 2850 1513 2905 coc-

553 2934 598 3014 git
610 2934 710 2997 bibere
723 2956 731 2997 r
752 2945 866 2998 ceteros
879 2940 945 3018 ejua
956 2939 1111 3010 satellites,
1126 2939 1215 3018 quire
1234 2938 1437 3017 magistratum
1449 2940 1514 3001 nub

554 3032 618 3112 ipno
631 3042 792 3113 gesserant,
806 3035 897 3115 quire
914 3036 1020 3115 quonia
1032 3034 1121 3097 modo
1130 3035 1188 3095 cibi
1200 3044 1255 3095 aut
1265 3035 1377 3116 populo
1389 3036 1514 3097 Roma·

413 3150 426 3183 ι
488 3170 496 3187 .
553 3148 593 3189 no
606 3128 723 3191 lucrant
736 3130 894 3203 adversati,
908 3132 939 3192 in
953 3131 1144 3192 ceramicum
1156 3131 1321 3205 concluaoa,
1333 3142 1412 3193 eone
1423 3132 1514 3195 deci·

553 3244 633 3285 mum
645 3247 793 3309 quemque
812 3227 852 3288 ad
864 3228 994 3309 capitale
1006 3216 1185 3311 supplicium
1201 3228 1316 3290 eduxit
1360 3228 1516 3292 Pecuniae

553 3340 592 3382 ex
606 3342 673 3383 arce
692 3342 750 3384 non
768 3325 932 3406 spernenda
944 3326 989 3386 ria
1001 3334 1112 3405 egente.
1155 3324 1365 3405 Quadraginta
1377 3327 1516 3387 maxime

553 3416 652 3499 pondo
669 3418 758 3491 auri,‘
777 3430 921 3482 sexcenta
935 3422 1049 3500 argenti
1061 3430 1180 3503 reperta
1192 3421 1282 3481 fuine
1294 3430 1515 3483 memorantur.

422 3536 438 3569 ιι
553 3510 696 3577 Ceterum
716 3517 746 3578 in
767 3518 814 3579 hin
833 3517 905 3578 dum
924 3526 1086 3599 occupatur
1103 3516 1203 3601 Syllo,
1218 3518 1254 3578 L.
1268 3517 1388 3579 Valerii
1401 3518 1516 3580 Flacci

552 3610 682 3679 adventu
695 3614 808 3688 audito,
823 3624 857 3676 ut
870 3614 1021 3677 Graeciam
1038 3617 1152 3697 petenti
1169 3624 1347 3688 occurreret,
1369 3616 1404 3678 in
1413 3615 1517 3677 Tinea-

551 3709 657 3771 aaliam
667 3712 769 3774 movit.
811 3712 889 3793 Ejua
899 3712 935 3772 L.
947 3712 1052 3774 Flacci
1065 3714 1177 3773 mentio
1189 3712 1282 3791 cogit,
1292 3722 1327 3773 ut
1339 3712 1379 3773 ad
1391 3714 1519 3775 urbana

552 3809 672 3886 negotia
683 3811 861 3891 exponenda
873 3820 1058 3891 pmrertam.

593 3910 644 3967 22.
664 3903 778 3966 Consul
797 3905 907 3977 Cinna,
926 3904 965 3967 O.
980 3906 1080 3966 Mario
1092 3906 1210 3985 collega
1222 3914 1348 3978 mortuo,
1363 3904 1518 3966 inlocum

552 4003 619 4082 ejus
637 4000 781 4063 Flaccum
804 4003 958 4064 asciverat.
1002 4001 1094 4063 Domi
1111 4000 1240 4085 lorisque
1258 4002 1333 4063 nihil
1349 4003 1517 4063 inconcus-

392 4084 628 4203 ο.130’111,·.Ῑ1111·ιιιιιι,
640 4108 692 4160 eut
703 4099 794 4161 etiem
806 4100 991 4162 mediocriter
1005 4102 1156 4162 urbatum
1167 4108 1241 4161 erat.
1282 4100 1381 4160 Arma
1395 4102 1466 4183 Jam
1480 4100 1517 4159 in

585 4338 778 4403 ‘Quadraginta
794 4343 922 4405 ...pondo
941 4340 1008 4405 rm]
1048 4340 1166 4391 Mer-ta
1183 4340 1290 4402 menti.
1323 4304 1424 4390 Marco
1445 4340 1517 4387 ⁹³7.

553 4404 650 4457 Marna
672 4414 801 4459 nectuntur
820 4412 863 4459 ⁶2
880 4408 965 4459 uncto
980 4411 1006 4458 t.
1046 4407 1131 4459 uncia
1139 4411 1165 4458 t.
1183 4406 1256 4457 Creu.
