3300 5225
404 489 1053 555 arnornxxvnr.surrnsnnuruu.
1197 484 1286 551 4⁵63
1387 565 1391 577 ,

160 644 215 710 sed
240 648 403 711 excellenti
425 650 524 709 animo
548 647 764 731 prudentiaque
790 648 893 721 iretus,
918 669 951 709 se
973 648 1121 731 opposuit.

159 746 260 827 Apud
274 746 472 809 Charoneam
482 766 551 806 cum
566 744 721 806 Archelao
730 754 763 807 et
775 744 928 806 Aristione
941 745 1041 810 triduo
1049 766 1122 807 con·
1133 745 1242 813 ΑΡΡΜ·

161 844 246 904 tinuo
268 852 314 903 est
332 843 524 903 dimicatum:
545 850 577 902 et
595 850 699 904 contra
715 842 819 902 horum
836 843 899 903 vim
914 851 1003 923 atque
1017 850 1121 924 poten·

161 941 237 1001 tiam
249 940 361 1000 Bruttii
371 940 464 1001 virtus
476 939 589 1000 invicta
601 939 693 999 stetit.
716 937 795 999 Cum
809 960 896 1021 ecquo
910 939 1011 999 Marte
1024 949 1121 999 certa

161 1046 227 1097 tum
240 1046 329 1108 esset,
344 1036 515 1097 Archelaus
526 1056 562 1096 eo
575 1036 639 1117 ipso
654 1056 685 1095 se
699 1034 864 1097 inferiorern
874 1036 1027 1116 judicans,
1041 1035 1121 1117 quod

160 1136 293 1217 superior
306 1156 368 1195 esse
381 1154 440 1195 uon
453 1134 608 1216 potuisset,
622 1134 730 1193 omissa
743 1132 862 1195 Boeotia
874 1134 914 1195 nd
924 1154 1005 1194 mere
1014 1136 1121 1193 cessit:

159 1232 259 1293 donec
274 1231 568 1297 Lacedaemoniorum
586 1229 829 1312 Achaeorurnquc
847 1232 969 1291 auxiliis
990 1240 1120 1291 auctum.
1132 1240 1199 1291 Ptut,

161 1330 321 1391 Mmanus
338 1328 466 1410 amplius
483 1328 626 1390 lacessere
639 1348 696 1389 non
711 1348 809 1400 ausus,
823 1329 936 1390 Piraeei
949 1330 1121 1389 munitioni·
1132 1338 1240 1405 Appias.

160 1428 219 1487 bus
240 1448 272 1487 se
291 1426 448 1497 continuit,
472 1424 511 1485 cd
532 1424 563 1484 id
582 1446 674 1505 usque
692 1433 821 1506 tempus,
841 1447 901 1507 quo
916 1426 1085 1507 praemissus
1101 1445 1121 1485 a

162 1523 255 1605 Sylla
265 1524 301 1585 L.
313 1522 459 1584 Lucullus
471 1533 610 1605 quaestor,
622 1524 770 1583 abstinere
782 1523 936 1584 Bruttium
944 1524 1044 1583 aliena
1053 1543 1121 1605 pro·
1131 1536 1198 1586 Plus.

162 1623 262 1683 vincia
270 1620 372 1703 jussit.
413 1620 491 1681 Tum
509 1622 588 1680 enim
608 1622 654 1683 vir
673 1620 762 1681 laude
776 1620 974 1701 dignissimus,
987 1623 1123 1702 quamvis

161 1721 264 1781 omnia
272 1739 365 1800 supra
377 1728 478 1781 votum
491 1728 705 1801 processerant,
715 1728 746 1780 ct
757 1720 926 1799 integritate
937 1722 1002 1801 ejus
1010 1720 1121 1781 allecta

161 1817 287 1877 Graecia
302 1816 475 1877 Romanam
488 1818 649 1877 amicitiam
662 1818 852 1899 respipiebat,
866 1838 903 1877 ne
922 1818 995 1899 quid
1015 1828 1121 1900 prater

160 1917 243 1996 leges
263 1914 387 1986 iaceret,
411 1916 442 1974 in
464 1914 678 1975 Macedoniam
701 1936 835 1975 reversus
852 1923 907 1976 est.
951 1914 1241 1993 Archelausappisn.

159 2014 292 2075 discessu
314 2010 428 2073 Bruttii
449 2012 568 2093 cognito
589 2012 743 2074 Piraeum
766 2010 888 2087 admota
907 2011 1002 2074 classe
1019 2015 1120 2077 statim

160 2110 287 2193 recepit.
1147 2120 1154 2126 '
