3300 5225
443 563 548 614 nrsnr
573 563 637 612 xc.
659 562 983 614 suarcemburuu.
1179 535 1266 613 4731

155 709 214 770 bus
238 708 320 779 sites,
342 715 446 788 suopte
468 707 585 788 ingenio
611 706 751 770 alimenta
776 705 952 768 mortalibus
975 705 1106 785 gignere.
1134 715 1269 766 Hieram.

155 805 255 885 Igitur
274 805 445 864 Formnerae
463 804 664 864 vocabantur:
686 812 717 864 et
728 805 783 865 hos
794 802 975 864 intellexisse
989 801 1106 862 Home·
1119 779 1270 897 {¹222}st

153 923 223 964 rum
236 903 328 962 etiarn
341 901 421 982 apud
434 902 577 962 barbaros
588 901 755 973 obtinebat,
768 920 838 962 cum
851 899 972 981 Elysios
985 919 1109 980 campos

153 999 301 1080 sedesque
321 999 476 1070 beatorum
493 997 682 1060 describeret.
724 999 836 1058 Earum
853 1018 916 1058 esse
936 1017 1004 1077 quse
1020 997 1109 1058 bodie
1119 1011 1187 1060 Plus.

154 1097 339 1158 ‘Canariae’
361 1104 515 1167 vocantur,
536 1117 575 1157 ex
595 1095 683 1156 modo
700 1095 908 1174 navigationis,
925 1104 957 1155 et
975 1094 1107 1176 descrip
1137 1107 1227 1159 cellar.

152 1197 238 1258 tione
248 1195 389 1265 locorum,
402 1201 434 1254 et
450 1213 518 1273 quae
530 1193 568 1254 de
581 1193 627 1254 his
638 1193 718 1274 apud
731 1191 879 1263 Plinium,
893 1201 1014 1254 auctore
1026 1191 1109 1252 Jube
1119 1173 1229 1289 ἷζεν.
1238 1240 1264 1289 7·

154 1313 238 1372 rege,
258 1299 421 1361 amnentur,
440 1289 650 1371 propemodum
664 1298 789 1350 constat.
833 1289 896 1350 His
915 1289 1004 1368 igitur
1020 1289 1108 1350 iutel-
1120 1294 1272 1354 Primum.

153 1389 244 1450 lectis
255 1387 380 1448 traditur
391 1386 482 1448 tedio
495 1387 682 1468 presentium
693 1385 851 1459 Sertorius,
860 1394 892 1446 et
901 1395 1003 1446 aeaut
1011 1385 1109 1447 iacere
1121 1368 1196 1482 Pgffi·
1207 1433 1249 1480 ln·

154 1495 211 1547 aut
225 1485 288 1567 pati
303 1493 365 1545 tam
385 1483 481 1543 tristia
499 1503 651 1544 necessum
671 1491 759 1554 esset,
776 1481 879 1562 lugam
896 1484 927 1544 in
947 1484 1110 1564 longinqua
1121 1506 1180 1551 cerr.
1191 1503 1234 1548 ec.
1246 1503 1274 1548 et

153 1583 263 1644 oceani
275 1581 444 1660 agitavisse,
454 1579 536 1661 apud
550 1580 728 1640 Fortunatas
740 1579 808 1642 illas
818 1579 939 1652 insulas,
949 1579 1031 1661 quod
1040 1581 1108 1642 reli·
1121 1569 1274 1680 fferam

154 1699 251 1760 quum
263 1679 418 1749 emeleri,
432 1680 462 1738 in
475 1677 576 1759 quiete
589 1685 757 1738 exacturus.
1121 1693 1189 1745 Plur.

198 1782 251 1836 24.
272 1774 369 1855 Igitur
380 1774 552 1855 aliquando,
562 1795 631 1836 cum
643 1773 754 1834 famam
766 1774 862 1849 illam,
875 1778 957 1858 apud
968 1799 1037 1840 suos
1049 1779 1111 1843 late

153 1893 290 1955 sparum
304 1893 372 1934 cum
387 1871 580 1934 admiratione
591 1869 713 1932 vidisset
726 1872 839 1953 excipi,
853 1875 998 1954 ejusmodi
1006 1879 1111 1958 jacere

153 1989 306 2030 sermones
324 1969 432 2050 erepit:
456 1967 626 2028 ‘Fabulam
649 1968 727 2028 hanc
749 1987 811 2028 esse
832 1969 1032 2045 credidissem,
1056 1975 1112 2035 nisi

155 2085 218 2126 non
231 2064 386 2148 spernendi
397 2073 532 2126 auctores
539 2084 642 2124 rerum
651 2065 769 2126 subeme
778 2066 996 2146 persuaderent.
1019 2069 1113 2132 Multi

154 2170 238 2234 arnt,
251 2163 305 2243 qui
316 2182 349 2222 se
361 2161 469 2223 vidisse
481 2159 655 2222 confirment
666 2179 680 2220 ε’
698 2169 740 2233 et,
758 2181 796 2222 ne
808 2161 910 2224 dolum
923 2173 1034 2245 putem,
1052 2168 1112 2228 sin·

154 2259 222 2337 guli
238 2259 359 2320 scoram
372 2257 545 2337 mmmogati
556 2257 595 2317 de
607 2257 696 2318 rebus
713 2257 751 2318 de
770 2259 879 2340 quibus
896 2260 972 2321 inter
986 2281 1018 2322 se
1030 2282 1112 2324 com·

155 2375 276 2438 parare,
287 2355 450 2417 simuime
460 2353 631 2426 voluissent,
640 2353 723 2416 nullo
731 2365 819 2436 pacto
829 2365 999 2437 potuerunt,
1007 2358 1112 2420 eadem

155 2452 261 2513 omnis
276 2453 351 2514 miro
363 2471 507 2514 consensu
519 2451 660 2514 referunt.
702 2451 804 2512 Unum
817 2454 898 2514 subit
907 2453 1018 2527 musti,
1031 2456 1113 2536 quod

155 2559 252 2613 taum
265 2548 416 2612 felicitatis
428 2548 496 2612 loca
507 2569 547 2610 es
559 2558 658 2612 cetero
677 2551 748 2612 orbe
762 2571 820 2613 non
834 2559 975 2633 petuntur
987 2553 1113 2616 ovidius.

156 2648 274 2709 Annon
296 2648 375 2709 enim
392 2650 485 2709 satim
501 2647 589 2721 foret,
609 2657 779 2710 contentum
795 2650 833 2710 iis
851 2670 920 2729 qum
938 2651 969 2711 in
989 2662 1114 2733 peccet

155 2746 220 2806 otio
233 2745 401 2807 uirentibus
417 2745 605 2828 omniparens
623 2746 713 2809 tellus
729 2758 834 2828 sponte
852 2768 908 2809 sura
921 2747 1113 2821 ministraret,

155 2842 309 2904 dimittere
322 2844 425 2905 inanes
438 2852 491 2905 aut
502 2852 616 2905 atroces
627 2864 724 2917 curas,
739 2854 771 2905 et
779 2846 837 2905 sibi
849 2845 975 2926 aliisque
988 2866 1113 2927 parcen·

156 2952 231 3013 tem,
245 2941 307 3001 sine
319 2948 411 3014 metu,
423 2942 488 3001 sine
501 2942 621 3023 injuria,
639 2960 757 3002 munere
772 2940 906 3003 Deorum
918 2943 1022 3015 oblata
1033 2944 1113 3003 ecci-

158 3058 229 3120 pere
248 3038 382 3099 cibsriel
423 3037 471 3098 At
484 3058 537 3099 nos
555 3037 713 3121 improuidi
730 3048 762 3099 et
776 3040 914 3110 immites,
927 3060 988 3121 quo
1000 3040 1114 3100 sedicet

158 3133 321 3215 nliqrraudo
337 3136 502 3197 beatiorem
521 3134 665 3197 ducamus
682 3136 787 3208 ritem,
810 3136 940 3198 tumultu
960 3139 1136 3219 turbisque.

157 3232 316 3293 miscemus
332 3232 451 3303 omnier
472 3252 621 3313 annosque
635 3242 749 3294 nostros
760 3234 952 3315 prodiginias,
971 3244 1114 3315 tanquam

158 3328 220 3388 alio
230 3337 362 3410 tempore
374 3328 480 3391 victuri
488 3350 498 3399 ;
512 3338 554 3401 et,
573 3338 607 3389 ut
624 3348 760 3411 paremus
771 3350 967 3411 supervacua,
979 3351 1113 3393 necemu-

157 3424 210 3486 riis
220 3426 348 3487 invicem
360 3425 522 3509 spoliamur
541 3427 769 3509 spoliamusque.
812 3427 864 3487 Ita
877 3428 979 3489 multis
989 3428 1112 3490 colami-

158 3524 272 3583 tetibos
289 3523 444 3606 malisque,
456 3533 595 3603 cogentes
604 3526 774 3607 coactique,
791 3535 823 3586 et
834 3526 981 3605 interdum
995 3526 1112 3589 scelesti
1140 3524 1251 3579 suttu-

159 3606 266 3699 mngis,
279 3640 371 3700 quam
383 3622 492 3691 miseri,
503 3620 714 3701 distringimur.
1123 3594 1235 3645 ΜΠ·

200 3722 254 3776 25.
275 3725 284 3753 ⁶
301 3714 362 3777 Sed
375 3716 427 3777 alii
439 3736 511 3777 sanc
524 3718 681 3779 insanient.
724 3718 808 3787 Quid
828 3740 883 3780 nos
898 3719 997 3780 fucere
1014 3718 1114 3792 decet,

158 3812 395 3874 commilitones?
437 3813 520 3882 Quin
537 3815 693 3897 arripimus
711 3834 837 3877 vacuam
856 3824 1005 3876 tentorum
1019 3817 1112 3876 bono-

159 3928 223 3969 rum
236 3909 467 3991 possesionem:
486 3921 521 3973 ut
533 3912 695 3993 aliquando
711 3907 887 3994 incipiamus
903 3914 1014 3986 uivere,
1031 3920 1112 3972 oete-

159 4026 258 4066 rorum
271 4008 439 4070 mortalium
451 4030 564 4070 errores
576 4019 823 4093 tempestatesque
836 4009 874 4071 de
886 4011 957 4071 trude
965 4010 1113 4070 littoribus

160 4104 339 4185 despectui.
381 4104 414 4166 Si
434 4108 574 4188 cuiquam
594 4118 723 4169 nostrum
740 4128 859 4190 sperare
874 4107 999 4168 multum
1016 4127 1055 4167 ex
1067 4106 1113 4165 his

161 4202 249 4261 rebus
268 4202 350 4274 licet,
371 4224 439 4285 quse
464 4204 554 4285 vulgo
574 4207 733 4288 praecipuae
750 4206 906 4277 habentur,
927 4225 983 4285 ego
1005 4205 1030 4263 is
1049 4222 1112 4263 esse

162 4299 270 4372 debeo,
284 4320 390 4379 genere
408 4300 575 4375 Romanus,
589 4302 691 4363 ordine
704 4302 993 4382 senator„dignitate
1005 4308 1112 4383 pireto·

162 4397 233 4471 rius,
251 4398 304 4477 qui
322 4398 502 4459 exercitibus
514 4400 630 4479 mugnis
640 4400 858 4481 prouinciisque
870 4396 987 4481 praesui,
1003 4395 1056 4480 qui
1068 4417 1114 4465 m
