3300 5225
159 591 177 618 .
258 614 262 619 ,
377 541 468 612 4986
859 565 896 616 r.
921 563 1015 615 urvrr

379 713 481 780 Josepu
582 709 636 766 60.
660 703 835 767 Jodeoron
855 706 964 769 deinde
986 715 1103 788 gentem
1124 715 1239 769 ueteres
1262 707 1342 768 intra
1364 705 1507 767 terminos

500 868 505 884 ι
542 819 746 882 compescens,
765 825 840 884 quos
858 805 897 864 ab
911 803 1000 884 Syria
1012 804 1138 886 populos
1150 805 1297 885 urbesque
1310 803 1508 885 superioribus

543 899 629 958 annis
644 899 821 971 avellerent,
841 899 963 962 ademit.
1006 901 1142 973 Gadara,
1163 902 1244 983 quod
1257 901 1402 984 oppidum
1415 899 1508 983 paulo

543 1004 613 1056 ante
624 995 754 1058 dirutum
768 999 809 1059 ub
828 999 899 1080 ipsis
914 997 1022 1080 fuerat,
1041 1000 1217 1060 instauravit
1228 1000 1259 1059 in
1275 998 1426 1059 Demetrii
1439 1016 1507 1077 gra·

368 1079 533 1145 'Pllffffllb
543 1092 616 1153 tiam
625 1093 724 1155 liberti
736 1097 801 1165 sui:
823 1097 910 1175 cujus
923 1105 1007 1156 tants
1019 1103 1085 1157 eret
1097 1097 1231 1177 potentia
1243 1095 1325 1176 apud
1337 1104 1507 1176 patronum,

543 1197 578 1250 ut
598 1209 678 1272 saepe
698 1191 738 1252 sd
760 1193 903 1254 convivas
923 1193 1117 1275 excipiendos
1136 1192 1320 1254 discurrente
1341 1191 1506 1274 Pompeio,

542 1289 607 1369 ipso
620 1289 794 1351 accubuisse
805 1300 994 1352 memoretur.
1037 1289 1130 1352 Unde
1148 1299 1180 1350 et
1200 1289 1281 1371 opud
1300 1290 1376 1352 alios
1387 1291 1417 1350 ei
1431 1288 1508 1349 adeo

543 1385 652 1446 nimius
669 1387 773 1458 honor,
793 1395 839 1458 ut,
858 1395 1002 1468 quantum
1022 1385 1171 1448 Catonem
1190 1387 1327 1468 accipere
1341 1386 1507 1468 puduisset,

542 1482 632 1544 homo
641 1484 796 1546 libertinus
805 1484 986 1549 admitteret.
1013 1485 1113 1546 Aiunt
1123 1505 1175 1566 per
1185 1485 1353 1546 absentiam
1363 1483 1508 1564 Pompeii

395 1575 464 1628 ΡΜ
498 1567 502 1578 ’
544 1576 691 1641 Catonem
711 1580 752 1641 ad
773 1581 970 1643 Antiochiam
981 1581 1134 1643 visendam
1152 1580 1328 1664 profectum,
1349 1599 1418 1640 curu
1437 1587 1509 1638 ante

379 1647 658 1760 a‘ss'ffijporum
680 1679 809 1739 uirorum
835 1699 941 1758 agmen
966 1699 1036 1740 cum
1060 1679 1193 1739 restibus
1215 1667 1305 1750 albis,
1330 1685 1363 1736 et
1385 1685 1509 1758 propter

378 1777 454 1826 c·1⁷·
543 1773 625 1836 riam
641 1775 710 1836 hinc
723 1773 844 1856 quidem
859 1774 987 1846 adultos,
1006 1775 1077 1836 inde
1090 1774 1259 1858 impuberes
1269 1782 1350 1836 stare
1360 1771 1509 1842 vidissett

542 1870 654 1932 honore
675 1872 767 1933 nimio
788 1873 935 1934 offensum
955 1872 1077 1953 ooepisse
1097 1871 1294 1934 stomachari:
1315 1890 1384 1931 cnm
1406 1889 1508 1930 acm-

541 1969 614 2028 serit
635 1967 675 2030 ad
696 1989 766 2029 eum
785 1968 850 2029 dux
871 1988 999 2050 pompe,
1022 1977 1182 2030 coronatus
1201 1977 1233 2029 et
1254 1968 1369 2046 virgam
1392 1975 1508 2038 nuens,

541 2066 735 2146 interrogem,
757 2067 834 2126 ‘uhi
856 2065 1044 2127 Demetrium
1065 2065 1274 2145 reliquissent?
1294 2073 1325 2124 et
1347 2082 1424 2124 aune
1444 2065 1507 2124 cito

541 2172 620 2224 esset
645 2161 822 2224 affutumsl’
863 2161 915 2224 Ibi
937 2163 1043 2224 amieis
1065 2160 1192 2223 Catonis
1213 2161 1307 2222 effuse
1327 2161 1505 2230 ridentibus,

542 2259 703 2330 Catonem,
725 2260 791 2320 haec
808 2267 927 2320 tentum
942 2258 1078 2338 effatum,
1100 2267 1109 2296 ⁸
1126 2257 1155 2318 Ο
1170 2259 1307 2318 miserem
1320 2258 1475 2319 civitatem
1487 2257 1508 2317 l’

542 2377 599 2418 nec
624 2356 685 2418 alio
710 2377 852 2439 responso
876 2357 960 2428 dato,
982 2356 1165 2438 praeteriisse.
1213 2356 1319 2436 Atque
1345 2355 1403 2416 hoo
1427 2354 1509 2416 idem

439 2439 445 2452 ⁸
542 2463 627 2516 tento
652 2461 720 2536 post
744 2463 876 2538 tempore
904 2452 1044 2515 Julianus
1069 2453 1229 2537 imperetur
1254 2452 1510 2514 Antiochensium
1593 2501 1598 2508 .

542 2552 668 2635 posteris
680 2553 804 2632 objecit.

396 2688 437 2721 ose
472 2708 481 2725 ,
583 2656 635 2712 69.
657 2649 763 2730 Hujus
782 2650 870 2730 igitur
887 2648 1037 2711 Demetrii
1055 2648 1181 2730 patriam
1203 2648 1328 2709 liberam
1341 2666 1405 2707 esse
1416 2646 1512 2725 jussit

544 2746 726 2828 Pompeius;
749 2756 780 2807 et
800 2755 945 2829 praeterea
966 2748 996 2807 iu
1016 2746 1239 2807 mediterraneis
1259 2743 1411 2826 Hippum,
1429 2742 1509 2825 Scy·
1588 2782 1595 2793 ·

543 2844 690 2926 thopolin,
721 2843 856 2917 Pellam,
884 2843 989 2916 Diuru,
1020 2842 1198 2914 Samariam,
1226 2842 1446 2922 Marissamque
1476 2850 1510 2903 et

545 2941 690 3015 Azotum,
704 2949 736 3003 et
747 2941 911 3013 Jamniam,
927 2950 959 3001 et
976 2940 1159 3003 Arethusam
1178 2940 1407 3021 Sampsicerami
1424 2939 1509 3001 Are·

544 3040 617 3101 bum
639 3038 796 3120 phylarchi
817 3037 989 3110 castellum,
1012 3038 1159 3119 prioribus
1181 3036 1346 3099 cultoribus
1366 3038 1507 3098 restitnit.

546 3134 602 3197 Ad
620 3156 703 3197 mere
719 3156 790 3198 sero
808 3134 940 3207 Gazam,
958 3134 1090 3216 Joppen,
1106 3135 1202 3205 Dora,
1217 3134 1426 3214 Stratonisque
1445 3144 1510 3195 tur-

546 3234 612 3306 rim,
623 3254 691 3314 quoe
705 3242 771 3315 post
785 3232 926 3294 Caesarea
938 3231 1004 3304 luit,
1016 3240 1165 3313 potestate
1178 3232 1198 3293 J
1201 3232 1352 3293 udmorum
1365 3232 1511 3292 liberatas

547 3332 606 3393 suis
619 3331 736 3411 legibus
747 3330 887 3392 reddidit.
929 3329 992 3390 His
1004 3330 1048 3390 ita
1060 3330 1160 3409 gestis
1176 3328 1223 3392 Μ.
1237 3328 1353 3389 Scauro
1366 3330 1511 3410 quaestori

472 3477 480 3494 .
546 3448 602 3489 suo
621 3428 697 3489 duas
717 3428 849 3507 legiones
873 3426 1006 3507 reliquit,
1027 3434 1063 3487 ut
1085 3425 1216 3508 Syriam,
1236 3446 1298 3506 qua
1318 3426 1456 3507 AEgypto
1478 3436 1512 3488 et

401 3549 444 3583 ose
477 3569 486 3585 .
548 3524 704 3606 Euphrate
730 3526 917 3595 terminatur,
940 3524 1110 3585 obtineret:
1137 3524 1200 3606 ipse
1226 3524 1257 3584 iu
1281 3522 1424 3583 Ciliciam
1447 3522 1510 3583 dis-

547 3622 648 3695 ceasit,
659 3623 793 3684 uinctum
810 3621 962 3683 abducens
980 3620 1187 3684 Aristobulum
1203 3641 1272 3682 cum
1292 3620 1410 3681 duobus
1426 3620 1511 3693 liliis,

547 3718 725 3800 filiabusque
742 3718 867 3779 totidem
876 3739 887 3789 3
910 3737 1034 3799 qnorum
1051 3738 1068 3779 e
1087 3738 1210 3779 numero
1228 3716 1319 3799 paulo
1331 3726 1400 3799 post
1411 3720 1511 3798 major

429 3826 436 3839 ‘
546 3816 674 3878 fratrum
692 3815 883 3887 Alexander,
903 3817 933 3876 in
955 3816 1058 3875 itinere
1077 3834 1182 3896 parum
1199 3814 1359 3894 diligenter
1377 3834 1511 3885 merus-

548 3922 607 3985 tns,
624 3914 739 3993 effugit.
780 3912 956 3973 Festiuabat
975 3912 1053 3973 enim
1074 3911 1252 3994 Pompeius,
1273 3920 1318 3985 ut,
1340 3910 1430 3972 rebus
1451 3912 1510 3972 ori-

547 4011 625 4071 entis
636 4010 813 4082 constitutis,
829 4008 961 4069 Romam
975 4017 1146 4069 recurreret.

588 4112 639 4172 70.
660 4106 780 4169 Idcirco
792 4106 930 4168 celeriter
944 4106 1126 4190 pertransitis
1138 4125 1206 4188 quae
1219 4103 1361 4166 Ciliciam
1373 4112 1406 4167 et
1422 4104 1509 4167 Pon·

545 4274 1008 4341 habeturrnenrpespodcicer.pro
1043 4270 1510 4339 Plot.Pornp.Appisu.hlithrld.et

546 4340 653 4401 Flacco,
665 4345 708 4391 28.
723 4342 782 4393 Lis.
801 4342 874 4404 Epir.
891 4352 942 4391 crs.
958 4342 1008 4389 Eu·
1044 4340 1105 4406 Syr.
1119 4338 1327 4389 Tsci1.Hist.r.
1342 4342 1368 4389 9.
1380 4340 1449 4388 llur.
1461 4350 1508 4388 rrr.

545 4406 1009 4467 eroon-ocos.voasrnuxvr.
1044 4411 1070 4454 ὀ.
1104 4407 1216 4457 Dionem
1228 4404 1342 4471 denium
1358 4406 1508 4455 lauru.

545 4475 672 4536 ptem
680 4486 734 4539 seq.
743 4472 842 4526 husen.
850 4474 867 4524 l.
878 4485 910 4523 u.
919 4486 944 4523 r.
952 4474 1010 4523 tet.
1031 4525 1036 4537 ‚
1047 4472 1121 4523 Creu.
