3300 5225
309 623 312 633 ι
380 596 481 647 arsur
509 597 1034 653 cxxxnnsurrcrrrnrrusr.
1175 588 1264 673 ⁴653

20 726 24 741 ⁸
147 734 392 823 lamadelabram
409 738 580 821 spoliatum,
595 749 638 813 et,
660 748 694 801 ut
712 742 857 804 creditum
871 743 944 819 tuit,
957 745 1099 807 milletu-
1151 723 1155 731 ¹

146 830 305 895 lentorum¹
325 845 426 915 egesta
438 846 609 899 ornamenta
621 848 699 899 sunt.
718 878 722 889 ·

184 936 235 991 48.
258 930 299 992 Id
318 932 404 1014 Sylla
420 954 474 995 uec
496 936 661 1015 probibere,
680 956 735 997 nec
755 935 859 998 ulcisci
879 939 1014 999 curarit:
1034 939 1098 1001 sire

145 1027 263 1088 meritos
278 1028 343 1089 hac
363 1031 426 1110 pati
441 1032 577 1115 putabat,
598 1032 660 1093 sire
681 1032 802 1093 urbanis
820 1034 948 1095 motibus
968 1036 1098 1097 intentas
1118 1048 1122 1055 '

142 1124 337 1201 cogitationes
349 1126 517 1200 habentem,
527 1126 595 1187 aliis
608 1129 733 1207 negotiis
744 1130 867 1209 pigebat
879 1139 994 1211 tempus
1006 1142 1097 1213 atque

143 1237 244 1280 curam
264 1222 442 1303 impendere.
485 1222 583 1304 Igitur
597 1223 632 1285 L.
652 1224 781 1285 Murena
793 1246 862 1287 curn
874 1226 991 1288 duabus
1003 1225 1095 1307 legio-

143 1314 232 1375 nibus
241 1338 309 1399 quar
318 1319 374 1379 sub
388 1319 521 1381 Fimbria
530 1320 649 1381 merant
658 1320 687 1381 in
699 1320 777 1383 Asia
785 1321 900 1395 relicte,
909 1343 977 1384 cum
988 1326 1096 1385 ceteris
1105 1344 1172 1401 pm,
1180 1348 1241 1417 ⁸5¹¹·

141 1414 237 1493 copiis
256 1415 427 1477 conscendit
447 1436 549 1489 neree,
570 1416 717 1498 tertioque
736 1417 786 1479 die
807 1439 898 1500 quam
913 1420 953 1480 ab
972 1420 1095 1501 Epheso

141 1508 283 1583 solverat,
305 1512 456 1574 Piraeeum
476 1512 649 1595 applicavit.
692 1510 845 1596 Mysteriis
863 1515 972 1577 deiude
994 1516 1094 1577 Albe·

141 1608 286 1669 niensium
299 1610 433 1671 initiatus
436 1610 658 1693 ,Apellicontis
672 1609 739 1672 Teii
756 1612 968 1675 bibliothecam
982 1615 1092 1695 requiri

135 1704 237 1783 jussit,
252 1704 384 1767 Romam
397 1706 614 1788 deportaturus.
656 1706 711 1769 Is
703 1718 779 1769 mter
790 1708 951 1771 familiares
962 1708 1093 1772 Aristio-

138 1802 186 1861 nis
203 1802 480 1885 laetantiumque
501 1806 619 1887 tyranni
636 1803 749 1866 Delum
765 1806 914 1888 spoliandi
926 1806 988 1867 fani
1001 1827 1093 1868 ιιιιιι
1121 1813 1204 1867 Ponit
1208 1830 1254 1931 ap.

138 1899 305 1978 navigarat.
347 1900 475 1963 obbae
491 1911 525 1963 et
535 1901 621 1975 talia,
630 1903 758 1964 bunia
730 1922 795 1983 eJus
807 1903 977 1986 publicatis,
991 1878 1195 1995 Sylla&

137 2004 172 2055 ut
192 2006 258 2056 erat
277 1997 463 2059 doctissimus
482 2008 514 2061 et
533 1998 698 2061 studiorum
717 2020 831 2075 amans,
846 2001 938 2062 libros
957 2004 1090 2082 excepit,
1103 2020 1169 2073 nur.

135 2103 211 2172 quos
224 2093 385 2177 Apellicon
405 2116 513 2177 magno
527 2096 624 2179 pretio
637 2097 745 2179 passim
759 2104 918 2170 coemerat,
931 2096 1090 2159 illustrium
1102 2118 1188 2172 Paria.
1230 2161 1234 2172 ,

134 2200 290 2253 auctorum
301 2212 403 2275 opera,
417 2194 555 2275 quadam
568 2196 659 2255 etiam
672 2196 800 2276 ipsorum
813 2196 925 2277 scripta
936 2214 1035 2255 manu

174 2294 226 2348 44.
250 2287 335 2349 Inter
345 2290 399 2351 lros
410 2298 442 2351 et
454 2290 640 2352 Aristotelici
654 2290 721 2351 libri
734 2290 865 2361 luerrrnt,
877 2310 1001 2371 quorum
1013 2291 1088 2363 lata,

133 2387 174 2447 ob
187 2385 390 2449 celebritatem
405 2389 540 2460 numinis,
553 2390 669 2470 etquis
682 2408 728 2449 res
741 2387 780 2449 ad
792 2390 961 2450 cautionem
974 2389 1089 2450 studio·

132 2504 232 2545 surum
245 2486 383 2565 pertinet,
398 2506 457 2547 non
471 2486 594 2547 taedebit
606 2506 765 2567 exponere.
787 2486 966 2547 Aristotelea
978 2487 1089 2566 primur
1115 2480 1226 2536 Stflffll·

131 2580 208 2642 inter
222 2578 356 2655 Graecos,
376 2590 518 2664 quantum
535 2582 652 2654 ιιιιιιιιι,
674 2580 921 2644 bibliothecarum
943 2581 1086 2663 colligen—
1099 2563 1153 2598 ¹¹¹¹
1154 2554 1250 2616 ''W‘'

130 2676 237 2740 darum
249 2687 362 2751 auctor,
374 2677 579 2762 'l'beopbrastc
590 2678 722 2740 scholam
735 2679 821 2740 simul
835 2700 919 2741 suam
936 2679 1086 2760 librosque

127 2772 280 2836 decedens
298 2774 465 2836 transdidit.
510 2775 713 2858 Theophrasto
737 2775 859 2837 Neleus
867 2775 1007 2858 Scepsius
1026 2775 1087 2838 tuit

129 2872 244 2932 baares:
258 2891 346 2954 aquo
356 2871 481 2954 Scepsin
494 2871 629 2934 translati
639 2881 743 2954 postea
752 2872 791 2933 ud
804 2873 938 2932 homines
948 2872 1086 2934 indoctos

128 2969 352 3049 studicrumque
365 2967 451 3030 rudes
464 2978 667 3050 pervenerunt.
709 2969 804 3050 Apud
815 2970 869 3030 lrcs
877 2978 938 3029 tam
948 2969 1085 3048 indignos

128 3067 261 3147 hospites
272 3065 323 3126 diu
334 3066 388 3127 sub
400 3066 536 3127 claribus
547 3067 636 3126 satis'
628 3067 774 3127 incuriosa
788 3066 942 3136 asseneth
963 3065 1085 3138 deinde,

127 3184 199 3224 cum
211 3161 414 3224 Attuliccrum
430 3181 534 3242 regum
547 3161 651 3223 studiis
669 3181 760 3244 opera
777 3160 938 3224 celebrium
956 3165 1082 3245 scripto·

127 3279 202 3320 rum
212 3257 344 3341 undique
359 3260 610 3341 conquirerentur,
630 3258 670 3318 ab
693 3259 801 3340 ineptis
819 3260 1080 3339 pomemcribusin
1099 3283 1104 3295 ·

125 3357 238 3418 fossam
262 3355 413 3437 quandam
436 3356 655 3417 subterraneam
681 3362 751 3416 suut
772 3355 891 3416 abditi:
910 3355 1006 3415 donec
1027 3375 1081 3415 ecs

125 3452 225 3534 longis
253 3461 321 3533 port
346 3441 526 3533 tempdribus
551 3451 669 3511 illorum
692 3471 876 3512 successores
892 3451 1080 3534 Apelliccnti

123 3549 203 3610 Teio
215 3569 324 3629 magna
336 3550 463 3630 pecunia
474 3547 681 3612 vendiderunt.

165 3653 218 3707 46.
241 3645 317 3708 Ειιι
341 3646 483 3709 librorum
507 3645 601 3724 magis
626 3663 716 3726 quam
738 3644 911 3707 eruditionis
931 3644 1080 3706 rtudicsus

124 3742 309 3826 Apellicon:
330 3751 441 3815 mmen,
455 3741 535 3823 quod
548 3740 667 3802 solenne
678 3749 723 3800 ιιι
735 3741 848 3803 talibus
860 3741 993 3820 ingeniis,
1007 3739 1078 3801 doc·

121 3843 212 3901 trinae
236 3841 413 3920 opinionem·
431 3837 601 3900 affectabat.
647 3836 744 3916 igitur
768 3839 879 3918 scripta
904 3837 1093 3898 Aristotelis.

122 3936 232 4008 edidit,
244 3944 306 3996 tam
319 3935 458 4012 ambiguo
470 3932 627 4006 beneficio,
641 3934 735 3993 utrix
746 3933 906 4011 dijudicari
916 3933 1017 4013 possit,
1029 3951 1077 3990 aa·

122 4034 220 4094 tiusne
242 4031 334 4092 fuerit
354 4030 472 4092 omnino
495 4031 604 4112 perisse
625 4030 783 4090 acutissimi
804 4030 860 4090 riri
884 4029 1010 4098 labores,
1037 4046 1076 4086 au

122 4129 317 4210 interpolatos
332 4127 402 4188 talis
417 4127 543 4188 hominis
555 4125 681 4187 audacia
698 4125 755 4186 sub
768 4124 987 4206 prascriptione
1000 4123 1076 4183 tanti
1095 4145 1100 4152 ·

121 4227 248 4289 nominis
269 4224 338 4305 legi.
379 4221 464 4284 Nam
477 4222 528 4284 ille
547 4223 604 4284 situ
617 4231 765 4304 corrupta,
781 4229 867 4283 autc
882 4221 970 4280 tineis
989 4237 1074 4280 erasa

222 4443 238 4494 '¹
258 4457 328 4510 Bsrlle
338 4453 490 4519 talentum]
506 4455 657 4508 Marcarum
668 4453 770 4519 argenti
781 4455 883 4518 adstet),
902 4453 972 4501 Grec.
