3300 5225
391 589 481 660 trau
869 602 906 650 r.
929 601 1019 650 airu
1119 529 1122 538 Ι

558 745 757 812 Mithridatici
768 745 842 808 belli
854 745 1011 826 flagrabat.
1053 741 1162 824 Igitur,
1176 740 1281 803 audita
1290 751 1383 804 morte
1397 742 1434 804 1..
1447 743 1511 804 Oc·

555 849 630 908 tarii
642 847 694 930 qui
709 845 829 906 Ciliciae
847 843 1014 926 pratuerat,
1032 861 1101 904 cum
1120 841 1163 901 P.
1184 840 1334 921 Cethego,
1347 845 1436 922 cujus
1448 851 1510 902 tam

555 945 596 1005 ob
608 945 754 1004 maximas
773 944 802 1002 in
816 951 923 1002 senatu
935 961 1008 1022 opes
1019 939 1216 1020 patrocinium
1228 960 1249 999 a
1260 937 1410 1021 plerisque
1421 960 1512 1021 expe·

556 1044 685 1113 tebatur,
699 1061 739 1101 ex
753 1040 905 1101 acerrimis
916 1037 1116 1099 simultatibus
1127 1037 1227 1098 subito
1235 1038 1267 1096 in
1279 1039 1405 1116 gratim
1414 1038 1512 1109 rediit,

556 1149 591 1200 ut
609 1137 789 1221 provinciam
810 1136 952 1197 Ciliciam
971 1135 1204 1216 adipisceretur:
1226 1153 1317 1213 quam
1333 1135 1387 1195 ubi
1408 1144 1514 1194 uacuis

556 1245 613 1308 est,
629 1255 715 1296 nemo
728 1235 898 1305 dubitabat,
918 1235 991 1314 quin
1009 1233 1055 1294 illi
1065 1231 1310 1294 committendum
1322 1231 1439 1293 bellum
1453 1233 1514 1294 Mi·

557 1333 748 1395 thridaticum
768 1330 855 1392 toret.
898 1331 1039 1392 Decreta
1058 1339 1128 1390 sont
1148 1329 1195 1390 illi
1213 1329 1345 1409 legiones
1362 1352 1433 1411 quse
1449 1333 1515 1412 jars

395 1439 504 1508 Appias.
559 1439 644 1492 erant
656 1431 687 1490 in
706 1428 783 1489 Asia
796 1435 942 1509 quatuorz
963 1429 1100 1509 quintam
1117 1436 1152 1487 nt
1164 1428 1194 1486 in
1207 1425 1303 1487 Italia
1313 1429 1516 1490 conscriberet

559 1527 744 1610 permissam.

436 1622 504 1674 3¹¹¹
600 1631 652 1688 1⁷.
673 1622 788 1685 Contra
803 1623 967 1705 piratarum
981 1621 1140 1684 audaciam
1160 1621 1209 1682 M.
1227 1621 1365 1683 Antonio
1385 1626 1517 1704 pmtori,

395 1689 466 1802 m}
478 1690 545 1802 220⁴,
561 1721 608 1782 Μ.
623 1721 716 1781 Cotta
736 1719 859 1782 conmle
875 1729 908 1779 et
928 1719 1020 1800 patris
1038 1719 1086 1780 M.
1108 1719 1236 1780 Antonii
1254 1721 1398 1780 memoria
1410 1721 1517 1781 suffra·

413 1819 498 1878 δίψη»
559 1827 660 1897 gente,
673 1818 726 1898 qui
743 1816 860 1877 bellum
876 1817 906 1876 in
926 1816 1040 1877 Cilicia
1051 1815 1179 1878 feliciter
1191 1815 1462 1887 administraverat,
1476 1817 1515 1878 P.

396 1883 688 1996 ²3:12¹'1sscettegt
708 1913 801 1975 tactio
821 1915 912 1974 totius
925 1933 986 1974 οη
999 1914 1168 1985 maritimae,
1181 1933 1243 1993 qua
1257 1911 1394 1973 Romani
1413 1915 1517 1995 populi

396 2019 457 2060 θοή
466 2013 508 2060 ²⁹·
555 2013 609 2092 jus
629 2023 716 2082 esset,
737 2011 920 2071 curationem
935 2030 1005 2070 cum
1023 2009 1141 2070 infinito
1161 2009 1287 2090 imperio
1304 2008 1410 2070 dedit:
1428 2010 1517 2092 quale

398 2075 463 2125 Μ’
471 2077 549 2125 '¹⁸⁸¹'
561 2117 664 2190 postea
677 2109 802 2188 piratico
815 2107 897 2168 bello
911 2107 970 2167 Cn.
984 2107 1149 2189 Pompeius
1158 2106 1287 2186 adeptus
1296 2115 1353 2167 est.

397 2204 507 2270 ΛΡΡῙΙΠ·
603 2211 654 2266 18.
675 2203 746 2265 Jam
766 2203 960 2264 Mithridates
973 2205 1069 2285 primo
1080 2224 1150 2264 rere
1163 2202 1237 2264 Jcri
1251 2202 1450 2285 Bellipotenti
1464 2224 1516 2285 ps·

563 2301 621 2361 trio
644 2321 726 2362 more
750 2300 879 2362 lecerat:
905 2300 1026 2372 deinde,
1050 2321 1111 2381 quo
1130 2307 1264 2383 tempore
1288 2301 1417 2382 primum
1439 2321 1517 2362 nors

414 2396 501 2447 sidon
563 2398 666 2459 classis
683 2399 713 2458 in
727 2418 807 2459 mere
821 2397 953 2460 deducta
964 2407 1020 2470 est,
1033 2397 1181 2479 Neptuno
1193 2396 1354 2478 quadrigas
1364 2397 1452 2458 albas
1464 2398 1517 2456 inr-

398 2463 551 2578 ffflfm
562 2495 736 2567 molarerst,
755 2496 927 2577 corporibus
938 2495 1085 2578 prot'undu
1094 2495 1207 2556 marsis.
1249 2494 1313 2556 His
1324 2495 1517 2575 religionibm

398 2593 527 2644 Mem·
561 2603 660 2675 coepto
673 2592 765 2666 bello,
777 2593 968 2675 Diophantus
980 2600 1159 2675 purpuratus
1170 2612 1240 2654 cum
1250 2593 1385 2653 exercitu
1394 2592 1426 2652 in
1435 2591 1515 2673 Cap-

547 2680 719 2773 ¹pndociam
737 2701 801 2752 erat
820 2692 997 2771 praemissus,
1017 2690 1162 2772 presidiis
1178 2688 1347 2751 tirmatrrrns
1363 2692 1464 2761 urbes,
1487 2698 1517 2749 et

562 2790 682 2851 ebriam
695 2791 789 2851 iturus
802 2788 941 2860 Lucullo,
956 2790 982 2849 si
995 2788 1035 2849 ad
1049 2788 1184 2849 Ponurm
1194 2787 1360 2850 accederet.
1394 2788 1517 2848 Ceteras

562 2889 676 2970 copias,
689 2896 810 2948 centurn
826 2896 859 2947 et
878 2886 1094 2967 qninquaginta
1113 2885 1209 2947 millia
1225 2886 1370 2968 peditum,
1384 2886 1516 2966 equiturn

400 2991 467 3041 Ptol.
475 3006 502 3041 v.
512 2995 537 3041 ι.
563 2984 734 3056 duodecim,
755 3004 808 3045 rex
830 2983 894 3065 ipse
917 3005 969 3066 per
989 2981 1201 3044 Timonitidem
1224 2982 1459 3065 (Paphlagonia
1482 3001 1518 3043 es

418 3088 485 3137 Ptut
564 3081 644 3159 regio
654 3084 713 3159 est)
728 3079 944 3162 Galatiamque
957 3100 1036 3141 nono
1045 3080 1095 3141 die
1107 3081 1138 3139 in
1150 3079 1324 3160 Bithyniam
1338 3078 1437 3140 duxit.

400 3154 526 3207 Memnon.
603 3184 653 3239 19.
677 3176 742 3238 Sub
754 3176 785 3238 id
799 3186 914 3257 tempus
936 3176 1090 3237 Heraclea
1103 3178 1148 3237 his
1160 3176 1308 3237 decausis
1320 3176 1517 3238 Mithridatici

557 3274 635 3353 juris
646 3272 727 3335 lacta
747 3282 802 3335 est.
845 3274 960 3334 Classis
979 3275 1060 3353 regia
1083 3274 1347 3355 praeternarigans,
1363 3294 1434 3335 cum
1447 3274 1517 3334 urbe

563 3390 621 3431 non
645 3373 834 3453 reciperetur,
847 3370 945 3431 forum
963 3391 1060 3431 rerum
1075 3371 1225 3431 renalium
1245 3372 1371 3452 proeberi
1387 3370 1517 3453 postula·

562 3470 618 3530 rit.
660 3468 709 3528 Ea
723 3470 934 3550 reimpetrata,
947 3467 1117 3539 cum,utlit
1130 3468 1289 3531 ubinullus
1297 3468 1417 3529 hostilis
1429 3468 1518 3529 animi
1610 3527 1613 3536 ,

564 3573 660 3625 metus
672 3573 728 3637 cst,
749 3564 943 3626 Heracleote
961 3565 1048 3626 multi
1066 3565 1105 3626 ad
1118 3586 1210 3626 neves
1221 3566 1381 3637 venissent,
1395 3564 1517 3646 prrst'cc·

564 3670 612 3721 tus
624 3661 727 3721 classis
740 3660 911 3723 Archelaus
921 3661 1058 3723 Silenum
1068 3671 1158 3743 atqua
1169 3660 1311 3743 Satyrum
1320 3683 1338 3722 e
1346 3663 1520 3743 primoribus

563 3758 693 3818 civitatis
705 3760 931 3841 comprehendit
945 3780 953 3820 ε
975 3780 1070 3840 neque
1080 3768 1170 3821 antea
1180 3758 1304 3832 dimisit,
1318 3779 1409 3841 quam
1422 3758 1461 3820 ad
1472 3779 1518 3819 m·

564 3853 719 3915 dimendcs
727 3876 778 3915 eos
787 3876 879 3916 nares
891 3857 1022 3937 quinque
1034 3855 1228 3917 traderentur.
1270 3854 1305 3915 ls
1316 3865 1440 3917 creatus
1449 3874 1519 3915 cum

566 3951 637 4011 talis
648 3960 737 4023 esset,
748 3961 782 4012 ut
793 3953 893 4033 potius
903 3974 944 4013 ex
956 3962 1114 4035 compacto
1132 3973 1224 4033 quam
1236 3972 1308 4013 casu
1320 3974 1368 4013 res
1380 3962 1462 4033 gesta
1473 3954 1520 4013 ri·

566 4048 696 4119 deretur,
714 4048 859 4121 Romani,
871 4050 1039 4131 publicanis
1058 4050 1242 4111 Heracleam
1259 4051 1367 4121 missis,
1379 4048 1519 4128 rectigal,

567 4154 601 4205 ut
612 4166 650 4205 ex
665 4146 733 4207 aliis
744 4147 825 4207 circa
841 4148 975 4219 urbibus,
993 4148 1114 4227 exigere
1132 4156 1293 4230 ooeperunt.
1336 4147 1388 4222 Id,
1403 4146 1520 4225 vulgus,

567 4251 599 4303 et
611 4244 635 4302 si
649 4244 700 4324 qui
713 4242 764 4303 alii
775 4245 1011 4326 propensioribus
1023 4247 1055 4306 in
1068 4266 1166 4326 regem
1183 4246 1289 4306 animis
1302 4256 1397 4318 erant,
1409 4245 1520 4326 princi·

566 4344 649 4423 pium
666 4342 814 4403 servitutis
833 4344 1027 4426 interpretati,
1047 4365 1116 4405 cum
1137 4345 1250 4424 legatos
1269 4346 1306 4405 iis
1321 4344 1458 4404 derebus
1478 4342 1519 4402 ad
1587 4416 1590 4421 Ι

567 4448 700 4499 senatum
720 4442 797 4501 mitti
817 4443 1007 4521 praestibsset,
1026 4442 1213 4503 audacissimi
1225 4443 1382 4522 cujusdam
1395 4440 1521 4501 hominis
