3300 5225
396 513 491 608 Μ
880 555 919 606 r.
942 554 1041 618 nrrrr

559 705 591 760 et
614 697 661 762 Μ.
679 697 811 772 Luculli,
834 701 1029 782 quacumque
1045 706 1134 780 genta
1151 697 1222 770 luit,
1241 717 1327 760 uxor.
1366 693 1515 758 Juventus

558 797 649 858 etiam
661 797 816 880 pleraque,
827 799 979 880 praecipue
990 797 1146 870 nobilium,
1160 797 1233 858 licet
1244 815 1350 857 nomeu
1361 796 1515 876 coaspira-

411 894 633 954 micetmicet
662 915 721 957 non
746 895 882 968 dederat,
908 905 1009 957 umen
1034 895 1160 958 audiens
1184 894 1354 975 hujusmodi
1375 891 1515 974 quedam

395 968 547 1016 “W-
559 993 666 1072 agitari
686 991 848 1072 gaudebat,
869 993 1075 1056 insessae
1097 992 1205 1064 aaa,
1225 1001 1257 1052 er
1275 993 1348 1074 qua
1368 989 1516 1071 compre

557 1087 631 1151 olim
643 1089 784 1162 moribus,
798 1100 833 1152 ut
843 1110 971 1174 qumque
983 1100 1068 1173 erant
1078 1089 1316 1171 flagitiosissima,
1330 1090 1375 1149 ita
1385 1089 1515 1148 maxime

559 1187 771 1269 probabantur.

600 1289 651 1346 37.
674 1282 807 1343 Multum
820 1281 912 1343 etiam
924 1281 965 1343 ad
978 1277 1157 1364 perficienda
1167 1290 1268 1363 ooepta
1279 1283 1311 1342 in
1324 1281 1442 1342 Pisone
1454 1281 1515 1362 apei

560 1377 695 1440 Catilina
707 1387 856 1462 posuerat,
869 1379 921 1458 qui
933 1388 1009 1449 nrm,
1018 1378 1149 1439 noudum
1158 1378 1263 1439 audito
1272 1379 1337 1458 ejus
1345 1398 1430 1449 orm,
1441 1377 1517 1438 His·

559 1475 680 1557 panicm
693 1475 859 1536 citeriorem
872 1475 1007 1536 obtinere
1017 1473 1211 1535 credebatur:
1232 1476 1363 1554 itemque
1376 1474 1421 1534 P.
1438 1473 1516 1536 Sitio

394 1333 471 1384 cdl.

412 1609 521 1677 Appiam.

396 1677 454 1728 Cir.
465 1691 504 1730 rr.

396 1757 422 1808 Ρ·
430 1745 490 1794 ⁰²⁰·
560 1763 686 1846 aliisque
699 1787 773 1846 quoa
783 1765 845 1826 lora
856 1765 1012 1837 offerebat,
1025 1786 1079 1846 per
1091 1763 1214 1826 Italiam
1227 1785 1265 1826 ac
1279 1763 1466 1846 Hispaniam
1478 1764 1516 1825 ad

560 1570 726 1634 Nucerino.
769 1571 855 1634 Nam
867 1572 904 1643 is,
922 1570 1356 1653 publioojudiciopostnlatua,
1369 1571 1468 1631 ascito
1488 1573 1516 1630 in
1629 1594 1630 1625 r

560 1667 663 1730 itinere
685 1669 811 1750 pessimo
831 1669 938 1750 quovis
956 1677 988 1728 et
1007 1667 1157 1729 leviarimo
1182 1667 1289 1728 eadem
1308 1669 1517 1740 metuentium,

521 1911 524 1919 .
558 1861 669 1923 iretum
682 1863 930 1942 mercensis
942 1861 1081 1926 Africam
1090 1861 1196 1923 ductm
1204 1862 1518 1922 exercitussuitram-
1629 1864 1630 1871 ’

554 1959 692 2042 jecerat:
722 1959 836 2040 ibique,
854 1959 964 2038 regulis
984 1959 1063 2020 inter
1082 1958 1318 2019 rebellantibus
1335 1958 1455 2019 auxilia
1474 1958 1518 2019 l'e-
1629 1976 1630 1979 ’

560 2055 665 2128 rendo,
685 2076 755 2118 cum
775 2057 884 2136 quibas
902 2057 954 2118 ille
973 2056 1145 2118 accessiaeet
1162 2059 1326 2137 mpsmores
1345 2055 1466 2127 tierent,
1479 2057 1518 2117 ad

559 2153 671 2214 lamam
683 2153 766 2216 brevi
780 2164 965 2236 peruenerat.
1000 2153 1063 2214 Sed
1072 2154 1203 2214 maxime
1215 2155 1354 2236 sperabat
1363 2154 1519 2214 consulem

397 2272 496 2325 anima
560 2271 592 2312 ⁸⁰
614 2251 733 2331 collega
755 2251 795 2312 G.
807 2251 945 2313 Antonio
966 2251 1050 2312 iore:
1072 2259 1158 2310 ‘tum
1178 2250 1270 2312 nullia
1289 2250 1372 2311 domi
1395 2253 1520 2333 provisis
1629 2274 1630 2323 ,

390 2333 461 2392 ΠΝ·
472 2341 540 2393 ΡΜ·
561 2349 679 2431 opibus,
693 2348 844 2429 Pompeio
855 2348 968 2430 bellum
978 2348 1007 2407 in
1017 2347 1130 2408 ultimia
1142 2357 1260 2425 gerente
1273 2348 1369 2419 terris,
1382 2349 1414 2408 ia
1426 2347 1519 2408 desti.

414 2405 523 2470 Appiam·

397 2469 493 2522 ciam.
561 2455 656 2507 butam
669 2445 883 2527 rempublicam
896 2445 1038 2526 impetum
1051 2445 1212 2505 rectissime
1225 2443 1406 2525 lieripoere!
1436 2444 1518 2506 Haec
1629 2450 1630 2453 ’

560 2543 606 2604 ita
617 2543 733 2604 occulte
753 2543 851 2625 parari
868 2561 927 2602 uon
946 2549 1097 2623 poterant,
1114 2540 1186 2622 quin
1203 2561 1236 2600 se
1255 2541 1450 2621 quibusdam,
1466 2543 1517 2603 aed
1629 2570 1630 2579 2

493 2645 496 2659 ”
561 2640 780 2701 obscurioribus
793 2640 908 2700 indiciis
928 2640 1099 2721 proderent.
1141 2638 1235 2699 cm
1254 2648 1354 2700 umen
1377 2661 1426 2701 rea
1442 2651 1517 2713 erat,
1629 2677 1630 2720 ,

561 2736 657 2797 donec
671 2758 724 2818 per
738 2736 875 2813 Fuluiam
889 2747 935 2797 est
953 2735 1117 2818 patefacta,
1131 2735 1260 2796 nobilem
1273 2736 1437 2807 mulierem,
1451 2758 1518 2818 quac
1629 2725 1630 2796 i

396 2838 455 2887 sill.
466 2836 533 2889 rior.
562 2852 601 2893 ex
615 2844 747 2895 amatore
762 2854 819 2897 auo
833 2834 875 2901 Q.
890 2833 995 2905 Curio,
1009 2832 1135 2914 perditae
1156 2832 1283 2893 luxuria
1297 2834 1423 2911 jurene,
1436 2854 1518 2895 com-
1629 2817 1630 2862 l

396 2902 506 2969 Appia·
562 2938 676 3013 pettam
689 2931 782 2993 tacito
795 2931 925 2991 auctoris
937 2930 1053 2991 nomine
1064 2928 1266 3011 compluribus
1276 2932 1439 2990 enarravit.

603 3034 652 3089 88.
676 3026 714 3089 ld
735 3028 920 3109 potimimum
939 3046 1038 3087 musac
1059 3026 1118 3087 tuit
1138 3026 1278 3097 comitiis,
1299 3047 1352 3087 cur
1376 3048 1522 3089 oensem

397 3134 456 3185 sul.
466 3134 534 3186 Plct.
561 3126 704 3196 omnium,
713 3144 810 3205 neque
824 3144 877 3205 per
889 3122 1104 3195 tabellam,ssd
1116 3144 1176 3183 una
1186 3144 1262 3185 voce
1271 3123 1389 3205 populi,
1400 3124 1526 3185 Tullius
1629 3181 1630 3190 ,

397 3232 469 3347 gp.
478 3232 532 3347 ¹ip⁹
562 3222 779 3281 renuntiaretur
792 3221 890 3302 prior:
911 3221 941 3281 ei
953 3219 1073 3300 collega
1085 3219 1124 3281 C.
1138 3219 1291 3281 Antonius
1304 3220 1439 3293 additur,
1453 3244 1524 3283 enm

398 3362 516 3413 etinP'u.
526 3364 549 3412 ¹·
562 3318 603 3379 ob
615 3320 708 3399 patris
720 3318 902 3390 memoriam,
913 3318 1004 3399 paulo
1022 3318 1199 3399 speciosiore
1215 3337 1305 3379 mana
1325 3319 1523 3399 suffragante,
1629 3389 1630 3392 Ἴ

398 3427 490 3477 Areon.
562 3415 698 3499 pauculis
711 3414 850 3475 centuriis
863 3413 1027 3474 Catilinam
1044 3423 1221 3496 superamet.
1262 3415 1436 3495 conjurati,
1450 3416 1524 3479 licet

396 3494 495 3545 ww·
561 3512 619 3572 boc
630 3519 737 3571 eventu
751 3509 892 3591 perculsi,
905 3520 1005 3571 nmen
1019 3530 1103 3572 mma
1120 3532 1235 3592 parare,
1248 3512 1390 3592 pecunias
1401 3522 1524 3592 cogere,
1629 3577 1630 3604 ἶ

562 3608 663 3689 plures
682 3607 712 3667 in
733 3607 907 3667 societatem
934 3607 1052 3667 consilii
1076 3606 1224 3669 adducere
1246 3628 1306 3668 non
1328 3610 1524 3672 omittebant.
1629 3623 1630 3690 l

563 3705 678 3767 Contra
690 3703 810 3776 Cicero,
824 3724 933 3783 gnarus
949 3703 1031 3784 quod
1050 3705 1201 3783 negotium
1218 3704 1406 3785 suscepimet,
1419 3726 1525 3769 omner

562 3822 670 3862 nervos
683 3800 861 3871 intenderat,
876 3792 997 3881 nequid
1009 3798 1049 3860 ad
1060 3820 1206 3861 summam
1217 3800 1417 3879 diligentiam,
1429 3824 1526 3867 exac-

563 3900 750 3979 tissimasque
764 3919 818 3980 pro
831 3898 987 3979 republica
997 3896 1127 3977 vigilien,
1140 3896 1249 3978 reliqui
1262 3897 1384 3959 faceret.

603 4004 655 4059 89.
676 3996 744 4058 Hic
763 3996 856 4057 etiam
877 4016 973 4057 annus
990 4014 1126 4057 censores
1145 3996 1263 4070 babuit,
1277 3994 1359 4077 quod
1377 3998 1527 4078 proximis

564 4162 716 4227 repudiatas
732 4178 792 4215 aare
807 4170 945 4216 memorat.
978 4164 1024 4214 Da
1058 4164 1113 4213 ulla
1121 4176 1202 4213 cansa
1212 4162 1318 4213 ridetur
1328 4164 1525 4216 Freinshemius

564 4245 647 4281 uxore
665 4232 705 4281 M.
724 4230 826 4281 Luculli
854 4232 918 4280 uibil
944 4231 1025 4281 babet
1059 4229 1168 4279 crimina
1179 4230 1369 4292 conjurationis
1384 4231 1525 4287 infamare,

564 4296 739 4347 Plutarchus:
751 4296 798 4347 aed
815 4296 918 4353 Cicero,
929 4296 948 4345 l.
960 4310 978 4345 r.
990 4296 1025 4345 ad
1059 4310 1118 4359 qum
1125 4295 1238 4357 septimo
1246 4304 1305 4358 port
1313 4295 1453 4345 Ciceronis
1461 4312 1524 4346 coa·

565 4362 623 4411 Ati.
633 4363 682 4425 Ep.
695 4364 735 4411 la.
751 4376 809 4411 eam
824 4360 997 4411 adulteratam
1010 4376 1026 4410 a
1061 4362 1175 4410 rolatum
1185 4374 1254 4409 anno
1264 4360 1297 4409 ab
1305 4360 1345 4411 M.
1353 4360 1470 4414 larmir
1480 4376 1522 4413 ra·

563 4426 699 4487 Memmio,
711 4434 739 4476 et
757 4442 773 4476 a
789 4428 886 4477 marito
902 4426 1027 4489 repudiu-
1062 4426 1230 4492 pudiatatat.
1247 4425 1320 4477 cm.

564 4498 688 4552 tamesae
698 4491 787 4544 docet.
819 4492 960 4545 Artemam
972 4493 1028 4544 riae
