<?xml version="1.0" encoding="UTF-8"?>
<!DOCTYPE html PUBLIC "-//W3C//DTD XHTML 1.0 Transitional//EN"
    "http://www.w3.org/TR/xhtml1/DTD/xhtml1-transitional.dtd">
<html xmlns="http://www.w3.org/1999/xhtml" xml:lang="en" lang="en">
 <head>
  <title>
</title>
<meta http-equiv="Content-Type" content="text/html;charset=utf-8" />
  <meta name='ocr-system' content='tesseract 3.04.00' />
  <meta name='ocr-capabilities' content='ocr_page ocr_carea ocr_par ocr_line ocrx_word'/>
</head>
<body>
  <div class='ocr_page' id='page_1' title='image "./tliviipatavinih01rupegoog_0281.png"; bbox 0 0 3300 5225; ppageno 0'>
   <div class='ocr_carea' id='block_1_1' title="bbox 399 526 1283 591">
    <p class='ocr_par' dir='ltr' id='par_1_1' title="bbox 399 526 1283 591">
     <span class='ocr_line' id='line_1_1' title="bbox 399 526 1283 591; baseline 0.002 -4"><span class='ocrx_word' id='word_1_1' title='bbox 399 538 503 587; x_wconf 83' lang='lat' dir='ltr'>arser</span> <span class='ocrx_word' id='word_1_2' title='bbox 531 540 705 591; x_wconf 80' lang='lat' dir='ltr'>axxxrx.</span> <span class='ocrx_word' id='word_1_3' title='bbox 728 540 1056 591; x_wconf 79' lang='lat' dir='ltr'>surrtnuuuruu.</span> <span class='ocrx_word' id='word_1_4' title='bbox 1194 526 1283 589; x_wconf 78' lang='grc'>4709</span> 
     </span>
    </p>
   </div>
   <div class='ocr_carea' id='block_1_2' title="bbox 161 680 1276 873">
    <p class='ocr_par' dir='ltr' id='par_1_2' title="bbox 161 680 1276 873">
     <span class='ocr_line' id='line_1_2' title="bbox 161 680 1238 763; baseline 0.003 -20"><span class='ocrx_word' id='word_1_5' title='bbox 161 682 233 743; x_wconf 84' lang='lat' dir='ltr'>dam</span> <span class='ocrx_word' id='word_1_6' title='bbox 257 680 386 761; x_wconf 75' lang='lat' dir='ltr'>imagine</span> <span class='ocrx_word' id='word_1_7' title='bbox 412 681 534 741; x_wconf 83' lang='lat' dir='ltr'>relicte:</span> <span class='ocrx_word' id='word_1_8' title='bbox 561 692 593 743; x_wconf 87' lang='lat' dir='ltr'>et</span> <span class='ocrx_word' id='word_1_9' title='bbox 615 702 653 745; x_wconf 89' lang='lat' dir='ltr'>ne</span> <span class='ocrx_word' id='word_1_10' title='bbox 676 684 744 763; x_wconf 91' lang='lat' dir='ltr'>quis</span> <span class='ocrx_word' id='word_1_11' title='bbox 765 684 822 745; x_wconf 89' lang='lat' dir='ltr'>nisi</span> <span class='ocrx_word' id='word_1_12' title='bbox 842 692 969 745; x_wconf 67' lang='lat' dir='ltr'>moetos</span> <span class='ocrx_word' id='word_1_13' title='bbox 985 682 1155 743; x_wconf 69' lang='lat' dir='ltr'>ffibunnse</span> <span class='ocrx_word' id='word_1_14' title='bbox 1173 692 1238 758; x_wconf 75' lang='lat' dir='ltr'>piam</span> 
     </span>
     <span class='ocr_line' id='line_1_3' title="bbox 162 762 1276 873; baseline -0.001 -32"><span class='ocrx_word' id='word_1_15' title='bbox 162 778 262 851; x_wconf 87' lang='lat' dir='ltr'>fieret,</span> <span class='ocrx_word' id='word_1_16' title='bbox 280 788 313 841; x_wconf 84' lang='lat' dir='ltr'>et</span> <span class='ocrx_word' id='word_1_17' title='bbox 334 799 372 839; x_wconf 88' lang='lat' dir='ltr'>ne</span> <span class='ocrx_word' id='word_1_18' title='bbox 392 780 460 860; x_wconf 91' lang='lat' dir='ltr'>quis</span> <span class='ocrx_word' id='word_1_19' title='bbox 475 780 644 841; x_wconf 76' lang='lat' dir='ltr'>tribunitius</span> <span class='ocrx_word' id='word_1_20' title='bbox 661 780 752 840; x_wconf 91' lang='lat' dir='ltr'>elium</span> <span class='ocrx_word' id='word_1_21' title='bbox 769 782 972 861; x_wconf 75' lang='lat' dir='ltr'>magistratum</span> <span class='ocrx_word' id='word_1_22' title='bbox 994 789 1118 862; x_wconf 82' lang='lat' dir='ltr'>peteret,</span> <span class='ocrx_word' id='word_1_23' title='bbox 1131 822 1193 873; x_wconf 47' lang='lat' dir='ltr'>mv·</span> <span class='ocrx_word' id='word_1_24' title='bbox 1203 832 1229 873; x_wconf 79' lang='lat' dir='ltr'>st</span> <span class='ocrx_word' id='word_1_25' title='bbox 1249 762 1276 809; x_wconf 50' lang='grc' dir='ltr'>ὴ</span> 
     </span>
    </p>
   </div>
   <div class='ocr_carea' id='block_1_3' title="bbox 161 876 1261 971">
    <p class='ocr_par' dir='ltr' id='par_1_3' title="bbox 161 876 1261 971">
     <span class='ocr_line' id='line_1_4' title="bbox 161 876 1261 971; baseline 0.001 -34"><span class='ocrx_word' id='word_1_26' title='bbox 161 876 245 971; x_wconf 85' lang='lat' dir='ltr'>tulit.</span> <span class='ocrx_word' id='word_1_27' title='bbox 287 876 425 943; x_wconf 85' lang='lat' dir='ltr'>Quorum</span> <span class='ocrx_word' id='word_1_28' title='bbox 439 876 533 938; x_wconf 87' lang='lat' dir='ltr'>altero</span> <span class='ocrx_word' id='word_1_29' title='bbox 546 878 694 959; x_wconf 85' lang='lat' dir='ltr'>provisum</span> <span class='ocrx_word' id='word_1_30' title='bbox 710 886 786 950; x_wconf 87' lang='lat' dir='ltr'>eret,</span> <span class='ocrx_word' id='word_1_31' title='bbox 799 898 838 939; x_wconf 90' lang='lat' dir='ltr'>ne</span> <span class='ocrx_word' id='word_1_32' title='bbox 852 878 950 960; x_wconf 85' lang='lat' dir='ltr'>plebis</span> <span class='ocrx_word' id='word_1_33' title='bbox 959 897 1051 958; x_wconf 85' lang='lat' dir='ltr'>quem</span> <span class='ocrx_word' id='word_1_34' title='bbox 1065 896 1118 959; x_wconf 80' lang='lat' dir='ltr'>pe·</span> <span class='ocrx_word' id='word_1_35' title='bbox 1132 904 1152 936; x_wconf 82' lang='grc' dir='ltr'>ι.</span> <span class='ocrx_word' id='word_1_36' title='bbox 1165 887 1224 940; x_wconf 74' lang='lat' dir='ltr'>Aer.</span> <span class='ocrx_word' id='word_1_37' title='bbox 1234 888 1261 938; x_wconf 82' lang='lat' dir='ltr'>ie</span> 
     </span>
    </p>
   </div>
   <div class='ocr_carea' id='block_1_4' title="bbox 161 952 1201 1053">
    <p class='ocr_par' dir='ltr' id='par_1_4' title="bbox 161 952 1201 1053">
     <span class='ocr_line' id='line_1_5' title="bbox 161 952 1201 1053; baseline -0.002 -19"><span class='ocrx_word' id='word_1_38' title='bbox 161 982 241 1033; x_wconf 87' lang='lat' dir='ltr'>trum</span> <span class='ocrx_word' id='word_1_39' title='bbox 262 974 403 1052; x_wconf 89' lang='lat' dir='ltr'>majorem</span> <span class='ocrx_word' id='word_1_40' title='bbox 417 975 560 1033; x_wconf 88' lang='lat' dir='ltr'>rationem</span> <span class='ocrx_word' id='word_1_41' title='bbox 577 974 686 1035; x_wconf 89' lang='lat' dir='ltr'>tribuni</span> <span class='ocrx_word' id='word_1_42' title='bbox 705 973 867 1035; x_wconf 87' lang='lat' dir='ltr'>ducerent:</span> <span class='ocrx_word' id='word_1_43' title='bbox 881 974 988 1046; x_wconf 84' lang='lat' dir='ltr'>altero,</span> <span class='ocrx_word' id='word_1_44' title='bbox 1002 995 1040 1035; x_wconf 85' lang='lat' dir='ltr'>ne</span> <span class='ocrx_word' id='word_1_45' title='bbox 1052 974 1120 1053; x_wconf 88' lang='lat' dir='ltr'>quis</span> <span class='ocrx_word' id='word_1_46' title='bbox 1131 952 1201 1004; x_wconf 73' lang='lat' dir='ltr'>Van.</span> 
     </span>
    </p>
   </div>
   <div class='ocr_carea' id='block_1_5' title="bbox 148 1060 1239 1152">
    <p class='ocr_par' dir='ltr' id='par_1_5' title="bbox 148 1060 1239 1152">
     <span class='ocr_line' id='line_1_6' title="bbox 148 1060 1239 1152; baseline 0.003 -21"><span class='ocrx_word' id='word_1_47' title='bbox 148 1060 151 1065; x_wconf 15' lang='grc' dir='ltr'><strong>Δ</strong></span> <span class='ocrx_word' id='word_1_48' title='bbox 161 1069 269 1149; x_wconf 76' lang='lat' dir='ltr'>insigni</span> <span class='ocrx_word' id='word_1_49' title='bbox 283 1089 387 1149; x_wconf 81' lang='lat' dir='ltr'>genere</span> <span class='ocrx_word' id='word_1_50' title='bbox 401 1078 454 1130; x_wconf 86' lang='lat' dir='ltr'>sut</span> <span class='ocrx_word' id='word_1_51' title='bbox 465 1069 568 1131; x_wconf 81' lang='lat' dir='ltr'>serore</span> <span class='ocrx_word' id='word_1_52' title='bbox 582 1069 696 1152; x_wconf 85' lang='lat' dir='ltr'>populi,</span> <span class='ocrx_word' id='word_1_53' title='bbox 710 1079 762 1132; x_wconf 86' lang='lat' dir='ltr'>aut</span> <span class='ocrx_word' id='word_1_54' title='bbox 774 1072 825 1152; x_wconf 91' lang='lat' dir='ltr'>qui</span> <span class='ocrx_word' id='word_1_55' title='bbox 839 1092 936 1131; x_wconf 90' lang='lat' dir='ltr'>rerum</span> <span class='ocrx_word' id='word_1_56' title='bbox 947 1090 1119 1151; x_wconf 76' lang='lat' dir='ltr'>magnarum</span> <span class='ocrx_word' id='word_1_57' title='bbox 1131 1080 1239 1149; x_wconf 73' lang='lat' dir='ltr'>Appius.</span> 
     </span>
    </p>
   </div>
   <div class='ocr_carea' id='block_1_6' title="bbox 160 1166 1385 1247">
    <p class='ocr_par' dir='ltr' id='par_1_6' title="bbox 160 1166 1385 1247">
     <span class='ocr_line' id='line_1_7' title="bbox 160 1166 1385 1247; baseline 0.006 -22"><span class='ocrx_word' id='word_1_58' title='bbox 160 1174 239 1226; x_wconf 88' lang='lat' dir='ltr'>esset</span> <span class='ocrx_word' id='word_1_59' title='bbox 252 1174 404 1247; x_wconf 85' lang='lat' dir='ltr'>appetens,</span> <span class='ocrx_word' id='word_1_60' title='bbox 418 1166 599 1229; x_wconf 88' lang='lat' dir='ltr'>tribunatum</span> <span class='ocrx_word' id='word_1_61' title='bbox 618 1166 782 1229; x_wconf 82' lang='lat' dir='ltr'>affectaret.</span> <span class='ocrx_word' id='word_1_62' title='bbox 823 1167 1011 1228; x_wconf 81' lang='lat' dir='ltr'>Pontificum</span> <span class='ocrx_word' id='word_1_63' title='bbox 1025 1186 1118 1246; x_wconf 81' lang='lat' dir='ltr'>eugu-</span> <span class='ocrx_word' id='word_1_64' title='bbox 1130 1180 1185 1231; x_wconf 81' lang='lat' dir='ltr'>Liv.</span> <span class='ocrx_word' id='word_1_65' title='bbox 1196 1180 1263 1247; x_wconf 75' lang='lat' dir='ltr'>Epir.</span> <span class='ocrx_word' id='word_1_66' title='bbox 1381 1198 1385 1205; x_wconf 89' lang='lat'><em>·</em></span> 
     </span>
    </p>
   </div>
   <div class='ocr_carea' id='block_1_7' title="bbox 159 1262 1238 1442">
    <p class='ocr_par' dir='ltr' id='par_1_7' title="bbox 159 1262 1238 1442">
     <span class='ocr_line' id='line_1_8' title="bbox 160 1262 1118 1345; baseline 0.002 -22"><span class='ocrx_word' id='word_1_67' title='bbox 160 1282 286 1343; x_wconf 88' lang='lat' dir='ltr'>rumque</span> <span class='ocrx_word' id='word_1_68' title='bbox 296 1262 455 1342; x_wconf 77' lang='lat' dir='ltr'>collegium</span> <span class='ocrx_word' id='word_1_69' title='bbox 468 1264 635 1345; x_wconf 81' lang='lat' dir='ltr'>ampliavit,</span> <span class='ocrx_word' id='word_1_70' title='bbox 650 1273 682 1325; x_wconf 91' lang='lat' dir='ltr'>ut</span> <span class='ocrx_word' id='word_1_71' title='bbox 695 1273 793 1325; x_wconf 88' lang='lat' dir='ltr'>essent</span> <span class='ocrx_word' id='word_1_72' title='bbox 801 1264 982 1345; x_wconf 88' lang='lat' dir='ltr'>quindecim.</span> <span class='ocrx_word' id='word_1_73' title='bbox 1024 1262 1118 1325; x_wconf 85' lang='lat' dir='ltr'>Sena·</span> 
     </span>
     <span class='ocr_line' id='line_1_9' title="bbox 159 1358 1238 1442; baseline 0.003 -24"><span class='ocrx_word' id='word_1_74' title='bbox 159 1368 225 1419; x_wconf 87' lang='lat' dir='ltr'>tum</span> <span class='ocrx_word' id='word_1_75' title='bbox 253 1380 306 1441; x_wconf 88' lang='lat' dir='ltr'>per</span> <span class='ocrx_word' id='word_1_76' title='bbox 333 1358 511 1420; x_wconf 76' lang='lat' dir='ltr'>seditionum</span> <span class='ocrx_word' id='word_1_77' title='bbox 542 1360 746 1442; x_wconf 82' lang='lat' dir='ltr'>bellommque</span> <span class='ocrx_word' id='word_1_78' title='bbox 777 1361 880 1423; x_wconf 77' lang='lat' dir='ltr'>eludes</span> <span class='ocrx_word' id='word_1_79' title='bbox 904 1362 1118 1442; x_wconf 72' lang='lat' dir='ltr'>infrequentem</span> <span class='ocrx_word' id='word_1_80' title='bbox 1131 1368 1238 1436; x_wconf 74' lang='lat' dir='ltr'>Appen.</span> 
     </span>
    </p>
   </div>
   <div class='ocr_carea' id='block_1_8' title="bbox 155 1456 1275 1735">
    <p class='ocr_par' dir='ltr' id='par_1_8' title="bbox 155 1456 1275 1735">
     <span class='ocr_line' id='line_1_10' title="bbox 159 1456 1257 1541; baseline 0.004 -24"><span class='ocrx_word' id='word_1_81' title='bbox 159 1458 282 1517; x_wconf 88' lang='lat' dir='ltr'>tributis</span> <span class='ocrx_word' id='word_1_82' title='bbox 293 1456 421 1518; x_wconf 88' lang='lat' dir='ltr'>comitiis</span> <span class='ocrx_word' id='word_1_83' title='bbox 433 1476 472 1517; x_wconf 87' lang='lat' dir='ltr'>ex</span> <span class='ocrx_word' id='word_1_84' title='bbox 487 1458 616 1539; x_wconf 75' lang='lat' dir='ltr'>equestri</span> <span class='ocrx_word' id='word_1_85' title='bbox 631 1456 733 1519; x_wconf 88' lang='lat' dir='ltr'>ordine</span> <span class='ocrx_word' id='word_1_86' title='bbox 746 1458 911 1541; x_wconf 81' lang='lat' dir='ltr'>supplevit:</span> <span class='ocrx_word' id='word_1_87' title='bbox 933 1458 1049 1521; x_wconf 88' lang='lat' dir='ltr'>allectis</span> <span class='ocrx_word' id='word_1_88' title='bbox 1060 1458 1117 1519; x_wconf 87' lang='lat' dir='ltr'>cir·</span> <span class='ocrx_word' id='word_1_89' title='bbox 1145 1468 1204 1519; x_wconf 76' lang='lat' dir='ltr'>Tae.</span> <span class='ocrx_word' id='word_1_90' title='bbox 1217 1484 1257 1521; x_wconf 78' lang='grc' dir='ltr'>ιι.</span> 
     </span>
     <span class='ocr_line' id='line_1_11' title="bbox 159 1533 1275 1649; baseline 0.004 -35"><span class='ocrx_word' id='word_1_91' title='bbox 159 1555 237 1615; x_wconf 90' lang='lat' dir='ltr'>citer</span> <span class='ocrx_word' id='word_1_92' title='bbox 249 1556 398 1615; x_wconf 84' lang='lat' dir='ltr'>trecentis.</span> <span class='ocrx_word' id='word_1_93' title='bbox 440 1554 613 1623; x_wconf 81' lang='lat' dir='ltr'>Quaestores</span> <span class='ocrx_word' id='word_1_94' title='bbox 625 1556 715 1617; x_wconf 88' lang='lat' dir='ltr'>etiem</span> <span class='ocrx_word' id='word_1_95' title='bbox 733 1558 893 1637; x_wconf 72' lang='lat' dir='ltr'>quotannis</span> <span class='ocrx_word' id='word_1_96' title='bbox 905 1556 1011 1636; x_wconf 77' lang='lat' dir='ltr'>viginti</span> <span class='ocrx_word' id='word_1_97' title='bbox 1023 1556 1118 1618; x_wconf 83' lang='lat' dir='ltr'>creari</span> <span class='ocrx_word' id='word_1_98' title='bbox 1130 1533 1275 1649; x_wconf 43' lang='lat' dir='ltr'>Addume</span> 
     </span>
     <span class='ocr_line' id='line_1_12' title="bbox 155 1652 1190 1735; baseline 0.002 -22"><span class='ocrx_word' id='word_1_99' title='bbox 155 1652 251 1730; x_wconf 86' lang='lat' dir='ltr'>jussit</span> <span class='ocrx_word' id='word_1_100' title='bbox 263 1652 303 1713; x_wconf 91' lang='lat' dir='ltr'>ad</span> <span class='ocrx_word' id='word_1_101' title='bbox 316 1652 552 1735; x_wconf 85' lang='lat' dir='ltr'>supplementum</span> <span class='ocrx_word' id='word_1_102' title='bbox 565 1662 695 1724; x_wconf 90' lang='lat' dir='ltr'>senatus,</span> <span class='ocrx_word' id='word_1_103' title='bbox 708 1656 757 1715; x_wconf 89' lang='lat' dir='ltr'>cui</span> <span class='ocrx_word' id='word_1_104' title='bbox 765 1654 884 1735; x_wconf 87' lang='lat' dir='ltr'>judicie</span> <span class='ocrx_word' id='word_1_105' title='bbox 895 1654 1068 1717; x_wconf 68' lang='lat' dir='ltr'>tradideret.</span> <span class='ocrx_word' id='word_1_106' title='bbox 1130 1662 1190 1715; x_wconf 72' lang='lat' dir='ltr'>Dis.</span> 
     </span>
    </p>
   </div>
   <div class='ocr_carea' id='block_1_9' title="bbox 104 1749 1271 2028">
    <p class='ocr_par' dir='ltr' id='par_1_9' title="bbox 104 1749 1271 2028">
     <span class='ocr_line' id='line_1_13' title="bbox 202 1749 1271 1832; baseline 0.002 -23"><span class='ocrx_word' id='word_1_107' title='bbox 202 1756 254 1811; x_wconf 77' lang='lat'>12.</span> <span class='ocrx_word' id='word_1_108' title='bbox 276 1749 513 1832; x_wconf 87' lang='lat' dir='ltr'>Proscriptorum</span> <span class='ocrx_word' id='word_1_109' title='bbox 532 1750 633 1811; x_wconf 90' lang='lat' dir='ltr'>liberis</span> <span class='ocrx_word' id='word_1_110' title='bbox 640 1752 692 1831; x_wconf 89' lang='lat' dir='ltr'>jus</span> <span class='ocrx_word' id='word_1_111' title='bbox 701 1751 894 1832; x_wconf 84' lang='lat' dir='ltr'>petendorum</span> <span class='ocrx_word' id='word_1_112' title='bbox 907 1752 1050 1813; x_wconf 88' lang='lat' dir='ltr'>honorum</span> <span class='ocrx_word' id='word_1_113' title='bbox 1062 1751 1117 1811; x_wconf 87' lang='lat' dir='ltr'>eri·</span> <span class='ocrx_word' id='word_1_114' title='bbox 1146 1761 1204 1811; x_wconf 72' lang='lat' dir='ltr'>Seu.</span> <span class='ocrx_word' id='word_1_115' title='bbox 1215 1760 1271 1811; x_wconf 79' lang='lat' dir='ltr'>cat.</span> 
     </span>
     <span class='ocr_line' id='line_1_14' title="bbox 104 1830 1264 1941; baseline 0 -33"><span class='ocrx_word' id='word_1_116' title='bbox 104 1910 107 1915; x_wconf 80' lang='grc'>,</span> <span class='ocrx_word' id='word_1_117' title='bbox 160 1850 228 1929; x_wconf 84' lang='lat' dir='ltr'>puit</span> <span class='ocrx_word' id='word_1_118' title='bbox 240 1867 248 1908; x_wconf 80' lang='grc' dir='ltr'>ι</span> <span class='ocrx_word' id='word_1_119' title='bbox 260 1855 304 1919; x_wconf 91' lang='lat' dir='ltr'>ut,</span> <span class='ocrx_word' id='word_1_120' title='bbox 315 1847 394 1928; x_wconf 93' lang='lat' dir='ltr'>quod</span> <span class='ocrx_word' id='word_1_121' title='bbox 409 1847 641 1929; x_wconf 78' lang='lat' dir='ltr'>indignissimum</span> <span class='ocrx_word' id='word_1_122' title='bbox 655 1848 788 1930; x_wconf 85' lang='lat' dir='ltr'>prolecto</span> <span class='ocrx_word' id='word_1_123' title='bbox 797 1860 873 1921; x_wconf 87' lang='lat' dir='ltr'>eret,</span> <span class='ocrx_word' id='word_1_124' title='bbox 886 1860 1054 1909; x_wconf 88' lang='lat' dir='ltr'>senatorum</span> <span class='ocrx_word' id='word_1_125' title='bbox 1061 1848 1118 1909; x_wconf 84' lang='lat' dir='ltr'>filii</span> <span class='ocrx_word' id='word_1_126' title='bbox 1131 1830 1264 1941; x_wconf 55' lang='lat' dir='ltr'>fjssffl„</span> 
     </span>
     <span class='ocr_line' id='line_1_15' title="bbox 160 1944 1249 2028; baseline -0.004 -21"><span class='ocrx_word' id='word_1_127' title='bbox 160 1955 193 2007; x_wconf 86' lang='lat' dir='ltr'>et</span> <span class='ocrx_word' id='word_1_128' title='bbox 211 1964 302 2005; x_wconf 84' lang='lat' dir='ltr'>onere</span> <span class='ocrx_word' id='word_1_129' title='bbox 315 1944 427 2005; x_wconf 87' lang='lat' dir='ltr'>ordinis</span> <span class='ocrx_word' id='word_1_130' title='bbox 439 1946 627 2016; x_wconf 83' lang='lat' dir='ltr'>sustinerent,</span> <span class='ocrx_word' id='word_1_131' title='bbox 640 1954 672 2006; x_wconf 86' lang='lat' dir='ltr'>et</span> <span class='ocrx_word' id='word_1_132' title='bbox 678 1947 750 2025; x_wconf 89' lang='lat' dir='ltr'>jura</span> <span class='ocrx_word' id='word_1_133' title='bbox 763 1946 921 2027; x_wconf 83' lang='lat' dir='ltr'>perderent</span> <span class='ocrx_word' id='word_1_134' title='bbox 932 1966 941 2007; x_wconf 77' lang='grc' dir='ltr'><strong><em>ε</em></strong></span> <span class='ocrx_word' id='word_1_135' title='bbox 954 1946 1117 2028; x_wconf 68' lang='lat' dir='ltr'>prasertim</span> <span class='ocrx_word' id='word_1_136' title='bbox 1131 1956 1198 2006; x_wconf 74' lang='lat' dir='ltr'>Orat</span> <span class='ocrx_word' id='word_1_137' title='bbox 1210 1956 1249 2003; x_wconf 89' lang='grc' dir='ltr'>Μ.</span> 
     </span>
    </p>
   </div>
   <div class='ocr_carea' id='block_1_10' title="bbox 160 2020 1283 2149">
    <p class='ocr_par' dir='ltr' id='par_1_10' title="bbox 160 2020 1283 2149">
     <span class='ocr_line' id='line_1_16' title="bbox 160 2020 1283 2149; baseline 0.015 -47"><span class='ocrx_word' id='word_1_138' title='bbox 160 2062 232 2103; x_wconf 88' lang='lat' dir='ltr'>cum</span> <span class='ocrx_word' id='word_1_139' title='bbox 242 2044 333 2103; x_wconf 85' lang='lat' dir='ltr'>etiem</span> <span class='ocrx_word' id='word_1_140' title='bbox 346 2042 427 2103; x_wconf 90' lang='lat' dir='ltr'>boue</span> <span class='ocrx_word' id='word_1_141' title='bbox 441 2061 544 2104; x_wconf 93' lang='lat' dir='ltr'>eorum</span> <span class='ocrx_word' id='word_1_142' title='bbox 553 2042 705 2115; x_wconf 86' lang='lat' dir='ltr'>venderet,</span> <span class='ocrx_word' id='word_1_143' title='bbox 719 2055 771 2105; x_wconf 90' lang='lat' dir='ltr'>eut</span> <span class='ocrx_word' id='word_1_144' title='bbox 783 2042 981 2123; x_wconf 73' lang='lat' dir='ltr'>dilargiretur.</span> <span class='ocrx_word' id='word_1_145' title='bbox 1024 2044 1118 2111; x_wconf 75' lang='lat' dir='ltr'>Quod</span> <span class='ocrx_word' id='word_1_146' title='bbox 1129 2020 1193 2149; x_wconf 50' lang='lat' dir='ltr'>gfff,</span> <span class='ocrx_word' id='word_1_147' title='bbox 1205 2020 1283 2137; x_wconf 49' lang='lat'><strong>3¹2⁸:</strong></span> 
     </span>
    </p>
   </div>
   <div class='ocr_carea' id='block_1_11' title="bbox 159 2138 1282 2343">
    <p class='ocr_par' dir='ltr' id='par_1_11' title="bbox 159 2138 1282 2343">
     <span class='ocr_line' id='line_1_17' title="bbox 160 2138 1282 2219; baseline 0.001 -19"><span class='ocrx_word' id='word_1_148' title='bbox 160 2138 284 2219; x_wconf 85' lang='lat' dir='ltr'>quidem</span> <span class='ocrx_word' id='word_1_149' title='bbox 304 2140 334 2199; x_wconf 93' lang='lat' dir='ltr'>in</span> <span class='ocrx_word' id='word_1_150' title='bbox 352 2147 437 2199; x_wconf 86' lang='lat' dir='ltr'>tante</span> <span class='ocrx_word' id='word_1_151' title='bbox 453 2138 624 2201; x_wconf 79' lang='lat' dir='ltr'>calamitate</span> <span class='ocrx_word' id='word_1_152' title='bbox 645 2139 740 2203; x_wconf 88' lang='lat' dir='ltr'>multo</span> <span class='ocrx_word' id='word_1_153' title='bbox 761 2140 978 2201; x_wconf 72' lang='lat' dir='ltr'>ecerbudmum</span> <span class='ocrx_word' id='word_1_154' title='bbox 992 2139 1117 2200; x_wconf 83' lang='lat' dir='ltr'>videbe·</span> <span class='ocrx_word' id='word_1_155' title='bbox 1130 2151 1282 2201; x_wconf 64' lang='lat' dir='ltr'>acteone</span> 
     </span>
     <span class='ocr_line' id='line_1_18' title="bbox 159 2214 1282 2343; baseline -0.01 -45"><span class='ocrx_word' id='word_1_156' title='bbox 159 2244 229 2297; x_wconf 84' lang='lat' dir='ltr'>tur:</span> <span class='ocrx_word' id='word_1_157' title='bbox 242 2237 387 2317; x_wconf 85' lang='lat' dir='ltr'>cumipse</span> <span class='ocrx_word' id='word_1_158' title='bbox 400 2238 430 2296; x_wconf 92' lang='lat' dir='ltr'>in</span> <span class='ocrx_word' id='word_1_159' title='bbox 444 2236 585 2299; x_wconf 86' lang='lat' dir='ltr'>tribunali</span> <span class='ocrx_word' id='word_1_160' title='bbox 599 2237 714 2309; x_wconf 50' lang='lat' dir='ltr'>sedena</span> <span class='ocrx_word' id='word_1_161' title='bbox 727 2236 899 2299; x_wconf 89' lang='lat' dir='ltr'>mulieribus</span> <span class='ocrx_word' id='word_1_162' title='bbox 911 2236 1014 2297; x_wconf 76' lang='lat' dir='ltr'>formae</span> <span class='ocrx_word' id='word_1_163' title='bbox 1026 2214 1282 2343; x_wconf 48' lang='lat' dir='ltr'>qumvfflgff·</span> 
     </span>
    </p>
   </div>
   <div class='ocr_carea' id='block_1_12' title="bbox 159 2332 1246 2415">
    <p class='ocr_par' dir='ltr' id='par_1_12' title="bbox 159 2332 1246 2415">
     <span class='ocr_line' id='line_1_19' title="bbox 159 2332 1246 2415; baseline 0 -22"><span class='ocrx_word' id='word_1_164' title='bbox 159 2332 250 2401; x_wconf 72' lang='lat' dir='ltr'>famae</span> <span class='ocrx_word' id='word_1_165' title='bbox 269 2332 410 2405; x_wconf 88' lang='lat' dir='ltr'>melioris,</span> <span class='ocrx_word' id='word_1_166' title='bbox 429 2334 677 2415; x_wconf 82' lang='lat' dir='ltr'>histrionibusque</span> <span class='ocrx_word' id='word_1_167' title='bbox 690 2344 721 2395; x_wconf 87' lang='lat' dir='ltr'>et</span> <span class='ocrx_word' id='word_1_168' title='bbox 732 2334 850 2405; x_wconf 87' lang='lat' dir='ltr'>scurris,</span> <span class='ocrx_word' id='word_1_169' title='bbox 868 2334 976 2414; x_wconf 87' lang='lat' dir='ltr'>quibus</span> <span class='ocrx_word' id='word_1_170' title='bbox 988 2333 1118 2414; x_wconf 86' lang='lat' dir='ltr'>impense</span> <span class='ocrx_word' id='word_1_171' title='bbox 1132 2360 1194 2393; x_wconf 84' lang='lat' dir='ltr'>vm.</span> <span class='ocrx_word' id='word_1_172' title='bbox 1205 2349 1246 2393; x_wconf 74' lang='lat' dir='ltr'>ue</span> 
     </span>
    </p>
   </div>
   <div class='ocr_carea' id='block_1_13' title="bbox 161 2407 1270 2523">
    <p class='ocr_par' dir='ltr' id='par_1_13' title="bbox 161 2407 1270 2523">
     <span class='ocr_line' id='line_1_20' title="bbox 161 2407 1270 2523; baseline 0.004 -34"><span class='ocrx_word' id='word_1_173' title='bbox 161 2429 380 2503; x_wconf 82' lang='lat' dir='ltr'>delectabatur,</span> <span class='ocrx_word' id='word_1_174' title='bbox 401 2440 433 2493; x_wconf 86' lang='lat' dir='ltr'>et</span> <span class='ocrx_word' id='word_1_175' title='bbox 449 2430 652 2493; x_wconf 84' lang='lat' dir='ltr'>libertinorum</span> <span class='ocrx_word' id='word_1_176' title='bbox 667 2432 810 2515; x_wconf 89' lang='lat' dir='ltr'>pessimis,</span> <span class='ocrx_word' id='word_1_177' title='bbox 824 2452 910 2511; x_wconf 77' lang='lat' dir='ltr'>egros</span> <span class='ocrx_word' id='word_1_178' title='bbox 922 2430 1040 2512; x_wconf 78' lang='lat' dir='ltr'>populis</span> <span class='ocrx_word' id='word_1_179' title='bbox 1056 2432 1117 2490; x_wconf 81' lang='lat' dir='ltr'>suf·</span> <span class='ocrx_word' id='word_1_180' title='bbox 1130 2408 1221 2523; x_wconf 48' lang='grc' dir='ltr'><em>Ἣ</em></span> <span class='ocrx_word' id='word_1_181' title='bbox 1238 2407 1270 2520; x_wconf 54' lang='lat'>¹}</span> 
     </span>
    </p>
   </div>
   <div class='ocr_carea' id='block_1_14' title="bbox 159 2526 1254 2610">
    <p class='ocr_par' dir='ltr' id='par_1_14' title="bbox 159 2526 1254 2610">
     <span class='ocr_line' id='line_1_21' title="bbox 159 2526 1254 2610; baseline 0 -21"><span class='ocrx_word' id='word_1_182' title='bbox 159 2526 293 2589; x_wconf 74' lang='lat' dir='ltr'>iecurros</span> <span class='ocrx_word' id='word_1_183' title='bbox 303 2536 336 2589; x_wconf 90' lang='lat' dir='ltr'>et</span> <span class='ocrx_word' id='word_1_184' title='bbox 347 2529 671 2609; x_wconf 82' lang='lat' dir='ltr'>vectigaliecivitatum</span> <span class='ocrx_word' id='word_1_185' title='bbox 681 2530 869 2591; x_wconf 86' lang='lat' dir='ltr'>concederet.</span> <span class='ocrx_word' id='word_1_186' title='bbox 891 2528 1117 2610; x_wconf 81' lang='lat' dir='ltr'>Chrysogonum</span> <span class='ocrx_word' id='word_1_187' title='bbox 1131 2552 1202 2587; x_wconf 73' lang='lat' dir='ltr'>runc.</span> <span class='ocrx_word' id='word_1_188' title='bbox 1213 2551 1254 2601; x_wconf 84' lang='lat' dir='ltr'>ep.</span> 
     </span>
    </p>
   </div>
   <div class='ocr_carea' id='block_1_15' title="bbox 159 2595 1273 2719">
    <p class='ocr_par' dir='ltr' id='par_1_15' title="bbox 159 2595 1273 2719">
     <span class='ocr_line' id='line_1_22' title="bbox 159 2595 1273 2719; baseline -0.006 -33"><span class='ocrx_word' id='word_1_189' title='bbox 159 2635 243 2686; x_wconf 83' lang='lat' dir='ltr'>certe</span> <span class='ocrx_word' id='word_1_190' title='bbox 252 2627 332 2688; x_wconf 86' lang='lat' dir='ltr'>bone</span> <span class='ocrx_word' id='word_1_191' title='bbox 343 2625 417 2690; x_wconf 83' lang='lat' dir='ltr'>Sex.</span> <span class='ocrx_word' id='word_1_192' title='bbox 430 2627 549 2702; x_wconf 85' lang='lat' dir='ltr'>Roscii,</span> <span class='ocrx_word' id='word_1_193' title='bbox 558 2637 720 2709; x_wconf 79' lang='lat' dir='ltr'>quse-erent</span> <span class='ocrx_word' id='word_1_194' title='bbox 732 2629 892 2708; x_wconf 44' lang='lat' dir='ltr'>sexagies„</span> <span class='ocrx_word' id='word_1_195' title='bbox 903 2625 1020 2687; x_wconf 90' lang='lat' dir='ltr'>duobus</span> <span class='ocrx_word' id='word_1_196' title='bbox 1026 2626 1117 2687; x_wconf 86' lang='lat' dir='ltr'>milli·</span> <span class='ocrx_word' id='word_1_197' title='bbox 1131 2595 1222 2719; x_wconf 49' lang='lat' dir='ltr'>ss‘f‘in·</span> <span class='ocrx_word' id='word_1_198' title='bbox 1235 2619 1273 2654; x_wconf 57' lang='lat' dir='ltr'>w·</span> 
     </span>
    </p>
   </div>
   <div class='ocr_carea' id='block_1_16' title="bbox 43 2724 1256 2805">
    <p class='ocr_par' dir='ltr' id='par_1_16' title="bbox 43 2724 1256 2805">
     <span class='ocr_line' id='line_1_23' title="bbox 43 2724 1256 2805; baseline -0.002 -20"><span class='ocrx_word' id='word_1_199' title='bbox 43 2785 46 2792; x_wconf 89' lang='grc'>,</span> <span class='ocrx_word' id='word_1_200' title='bbox 160 2724 219 2784; x_wconf 89' lang='lat' dir='ltr'>bus</span> <span class='ocrx_word' id='word_1_201' title='bbox 244 2743 395 2786; x_wconf 87' lang='lat' dir='ltr'>nummum</span> <span class='ocrx_word' id='word_1_202' title='bbox 420 2727 536 2798; x_wconf 85' lang='lat' dir='ltr'>eruisse,</span> <span class='ocrx_word' id='word_1_203' title='bbox 561 2725 716 2788; x_wconf 76' lang='lat' dir='ltr'>Ciceronis</span> <span class='ocrx_word' id='word_1_204' title='bbox 740 2727 837 2788; x_wconf 85' lang='lat' dir='ltr'>oratio</span> <span class='ocrx_word' id='word_1_205' title='bbox 864 2733 1002 2797; x_wconf 76' lang='lat' dir='ltr'>testetur,</span> <span class='ocrx_word' id='word_1_206' title='bbox 1027 2745 1118 2805; x_wconf 89' lang='lat' dir='ltr'>quem</span> <span class='ocrx_word' id='word_1_207' title='bbox 1147 2733 1256 2796; x_wconf 68' lang='lat' dir='ltr'>cicero</span> 
     </span>
    </p>
   </div>
   <div class='ocr_carea' id='block_1_17' title="bbox 161 2797 1281 2912">
    <p class='ocr_par' dir='ltr' id='par_1_17' title="bbox 161 2797 1281 2912">
     <span class='ocr_line' id='line_1_24' title="bbox 161 2797 1281 2912; baseline 0.007 -32"><span class='ocrx_word' id='word_1_208' title='bbox 161 2822 308 2902; x_wconf 81' lang='lat' dir='ltr'>proximis</span> <span class='ocrx_word' id='word_1_209' title='bbox 319 2821 427 2884; x_wconf 90' lang='lat' dir='ltr'>deinde</span> <span class='ocrx_word' id='word_1_210' title='bbox 440 2821 611 2884; x_wconf 86' lang='lat' dir='ltr'>consulibus</span> <span class='ocrx_word' id='word_1_211' title='bbox 623 2844 677 2884; x_wconf 81' lang='lat' dir='ltr'>sex</span> <span class='ocrx_word' id='word_1_212' title='bbox 688 2833 719 2884; x_wconf 90' lang='lat' dir='ltr'>et</span> <span class='ocrx_word' id='word_1_213' title='bbox 730 2824 837 2904; x_wconf 77' lang='lat' dir='ltr'>viginti</span> <span class='ocrx_word' id='word_1_214' title='bbox 848 2841 992 2882; x_wconf 88' lang='lat' dir='ltr'>annorum</span> <span class='ocrx_word' id='word_1_215' title='bbox 1001 2821 1118 2883; x_wconf 87' lang='lat' dir='ltr'>adoles·</span> <span class='ocrx_word' id='word_1_216' title='bbox 1130 2799 1197 2912; x_wconf 51' lang='lat'>{⁰2⁸⁹</span> <span class='ocrx_word' id='word_1_217' title='bbox 1205 2797 1281 2848; x_wconf 53' lang='grc' dir='ltr'>ΒΜ·</span> 
     </span>
    </p>
   </div>
   <div class='ocr_carea' id='block_1_18' title="bbox 73 2897 1282 3778">
    <p class='ocr_par' dir='ltr' id='par_1_18' title="bbox 160 2897 1282 2999">
     <span class='ocr_line' id='line_1_25' title="bbox 160 2897 1282 2999; baseline -0.002 -21"><span class='ocrx_word' id='word_1_218' title='bbox 160 2938 233 2980; x_wconf 87' lang='lat' dir='ltr'>oens</span> <span class='ocrx_word' id='word_1_219' title='bbox 246 2919 361 2981; x_wconf 85' lang='lat' dir='ltr'>habuit.</span> <span class='ocrx_word' id='word_1_220' title='bbox 402 2920 446 2982; x_wconf 90' lang='lat' dir='ltr'>A.</span> <span class='ocrx_word' id='word_1_221' title='bbox 461 2919 503 2981; x_wconf 90' lang='lat' dir='ltr'>D.</span> <span class='ocrx_word' id='word_1_222' title='bbox 519 2919 675 2982; x_wconf 82' lang='lat' dir='ltr'>Kalendas</span> <span class='ocrx_word' id='word_1_223' title='bbox 687 2921 795 2982; x_wconf 85' lang='lat' dir='ltr'>lunias</span> <span class='ocrx_word' id='word_1_224' title='bbox 810 2921 875 2981; x_wconf 80' lang='lat' dir='ltr'>haec</span> <span class='ocrx_word' id='word_1_225' title='bbox 888 2919 989 2980; x_wconf 86' lang='lat' dir='ltr'>auctio</span> <span class='ocrx_word' id='word_1_226' title='bbox 1005 2916 1118 2999; x_wconf 69' lang='lat' dir='ltr'>eoepit*</span> <span class='ocrx_word' id='word_1_227' title='bbox 1129 2897 1282 2977; x_wconf 68' lang='lat' dir='ltr'>(latinus.</span> 
     </span>
    </p>

    <p class='ocr_par' dir='ltr' id='par_1_19' title="bbox 73 2992 1280 3108">
     <span class='ocr_line' id='line_1_26' title="bbox 73 2992 1280 3108; baseline -0.005 -27"><span class='ocrx_word' id='word_1_228' title='bbox 73 3073 78 3081; x_wconf 93' lang='lat'>.</span> <span class='ocrx_word' id='word_1_229' title='bbox 161 3015 243 3077; x_wconf 79' lang='lat' dir='ltr'>(lum</span> <span class='ocrx_word' id='word_1_230' title='bbox 254 3016 382 3098; x_wconf 76' lang='lat' dir='ltr'>plurim</span> <span class='ocrx_word' id='word_1_231' title='bbox 396 3037 435 3078; x_wconf 80' lang='lat' dir='ltr'>ar</span> <span class='ocrx_word' id='word_1_232' title='bbox 448 3017 494 3078; x_wconf 87' lang='lat' dir='ltr'>his</span> <span class='ocrx_word' id='word_1_233' title='bbox 507 3027 596 3080; x_wconf 86' lang='lat' dir='ltr'>antee</span> <span class='ocrx_word' id='word_1_234' title='bbox 607 3021 754 3100; x_wconf 85' lang='lat' dir='ltr'>repuisset</span> <span class='ocrx_word' id='word_1_235' title='bbox 766 3017 866 3100; x_wconf 85' lang='lat' dir='ltr'>Sylla,</span> <span class='ocrx_word' id='word_1_236' title='bbox 878 3026 1042 3078; x_wconf 84' lang='lat' dir='ltr'>oeterorum</span> <span class='ocrx_word' id='word_1_237' title='bbox 1051 3015 1116 3095; x_wconf 84' lang='lat' dir='ltr'>ple·</span> <span class='ocrx_word' id='word_1_238' title='bbox 1129 2992 1280 3108; x_wconf 44' lang='lat' dir='ltr'>&amp;cfflf&#39;ffi</span> 
     </span>
    </p>

    <p class='ocr_par' dir='ltr' id='par_1_20' title="bbox 160 3113 1240 3199">
     <span class='ocr_line' id='line_1_27' title="bbox 160 3113 1240 3199; baseline -0.002 -25"><span class='ocrx_word' id='word_1_239' title='bbox 160 3132 255 3196; x_wconf 87' lang='lat' dir='ltr'>reque</span> <span class='ocrx_word' id='word_1_240' title='bbox 268 3114 416 3188; x_wconf 89' lang='lat' dir='ltr'>donasset,</span> <span class='ocrx_word' id='word_1_241' title='bbox 431 3124 484 3176; x_wconf 89' lang='lat' dir='ltr'>eut</span> <span class='ocrx_word' id='word_1_242' title='bbox 495 3115 635 3178; x_wconf 86' lang='lat' dir='ltr'>vilissimo</span> <span class='ocrx_word' id='word_1_243' title='bbox 653 3118 749 3199; x_wconf 89' lang='lat' dir='ltr'>pretio</span> <span class='ocrx_word' id='word_1_244' title='bbox 770 3117 946 3187; x_wconf 69' lang='lat' dir='ltr'>addiximet,</span> <span class='ocrx_word' id='word_1_245' title='bbox 964 3113 1117 3175; x_wconf 65' lang='lat' dir='ltr'>redum</span> <span class='ocrx_word' id='word_1_246' title='bbox 1130 3125 1171 3198; x_wconf 71' lang='grc' dir='ltr'>ιι.</span> <span class='ocrx_word' id='word_1_247' title='bbox 1234 3185 1240 3196; x_wconf 22' lang='grc' dir='ltr'>ι</span> 
     </span>
    </p>

    <p class='ocr_par' dir='ltr' id='par_1_21' title="bbox 161 3185 1262 3391">
     <span class='ocr_line' id='line_1_28' title="bbox 161 3185 1262 3294; baseline 0.002 -24"><span class='ocrx_word' id='word_1_248' title='bbox 161 3219 267 3271; x_wconf 85' lang='lat' dir='ltr'>estter</span> <span class='ocrx_word' id='word_1_249' title='bbox 281 3211 391 3274; x_wconf 88' lang='lat' dir='ltr'>millies</span> <span class='ocrx_word' id='word_1_250' title='bbox 403 3214 600 3294; x_wconf 79' lang='lat' dir='ltr'>quingenties.</span> <span class='ocrx_word' id='word_1_251' title='bbox 1129 3185 1262 3250; x_wconf 42' lang='grc' dir='ltr'>ΜΕΝ·</span> 
     </span>
     <span class='ocr_line' id='line_1_29' title="bbox 204 3307 1239 3391; baseline -0.003 -23"><span class='ocrx_word' id='word_1_252' title='bbox 204 3313 254 3369; x_wconf 82' lang='lat' dir='ltr'>le.</span> <span class='ocrx_word' id='word_1_253' title='bbox 277 3307 340 3370; x_wconf 86' lang='lat' dir='ltr'>His</span> <span class='ocrx_word' id='word_1_254' title='bbox 357 3309 400 3370; x_wconf 90' lang='lat' dir='ltr'>ite</span> <span class='ocrx_word' id='word_1_255' title='bbox 417 3330 472 3391; x_wconf 88' lang='lat' dir='ltr'>pro</span> <span class='ocrx_word' id='word_1_256' title='bbox 491 3311 613 3371; x_wconf 87' lang='lat' dir='ltr'>arbitrio</span> <span class='ocrx_word' id='word_1_257' title='bbox 636 3309 764 3370; x_wconf 87' lang='lat' dir='ltr'>decretis</span> <span class='ocrx_word' id='word_1_258' title='bbox 785 3308 944 3390; x_wconf 81' lang='lat' dir='ltr'>lectisque,</span> <span class='ocrx_word' id='word_1_259' title='bbox 963 3317 997 3370; x_wconf 86' lang='lat' dir='ltr'>ut</span> <span class='ocrx_word' id='word_1_260' title='bbox 1018 3317 1118 3385; x_wconf 66' lang='lat' dir='ltr'>umen</span> <span class='ocrx_word' id='word_1_261' title='bbox 1131 3315 1239 3382; x_wconf 73' lang='lat' dir='ltr'>Appiae.</span> 
     </span>
    </p>

    <p class='ocr_par' dir='ltr' id='par_1_22' title="bbox 162 3403 1118 3488">
     <span class='ocr_line' id='line_1_30' title="bbox 162 3403 1118 3488; baseline 0.001 -26"><span class='ocrx_word' id='word_1_262' title='bbox 162 3403 266 3483; x_wconf 80' lang='lat' dir='ltr'>alique</span> <span class='ocrx_word' id='word_1_263' title='bbox 288 3405 419 3486; x_wconf 74' lang='lat' dir='ltr'>pristinus</span> <span class='ocrx_word' id='word_1_264' title='bbox 442 3406 614 3488; x_wconf 67' lang='lat' dir='ltr'>reipublice</span> <span class='ocrx_word' id='word_1_265' title='bbox 635 3407 746 3488; x_wconf 85' lang='lat' dir='ltr'>species</span> <span class='ocrx_word' id='word_1_266' title='bbox 764 3416 852 3478; x_wconf 85' lang='lat' dir='ltr'>esset,</span> <span class='ocrx_word' id='word_1_267' title='bbox 865 3406 1001 3467; x_wconf 84' lang='lat' dir='ltr'>consules</span> <span class='ocrx_word' id='word_1_268' title='bbox 1018 3422 1118 3464; x_wconf 83' lang='lat' dir='ltr'>creare</span> 
     </span>
    </p>

    <p class='ocr_par' dir='ltr' id='par_1_23' title="bbox 162 3498 1120 3583">
     <span class='ocr_line' id='line_1_31' title="bbox 162 3498 1120 3583; baseline -0.003 -23"><span class='ocrx_word' id='word_1_269' title='bbox 162 3499 275 3581; x_wconf 83' lang='lat' dir='ltr'>populo</span> <span class='ocrx_word' id='word_1_270' title='bbox 298 3503 439 3583; x_wconf 88' lang='lat' dir='ltr'>permisit.</span> <span class='ocrx_word' id='word_1_271' title='bbox 482 3502 567 3564; x_wconf 86' lang='lat' dir='ltr'>Inter</span> <span class='ocrx_word' id='word_1_272' title='bbox 583 3502 759 3564; x_wconf 86' lang='lat' dir='ltr'>candidatos</span> <span class='ocrx_word' id='word_1_273' title='bbox 779 3502 822 3569; x_wconf 87' lang='lat' dir='ltr'>Q.</span> <span class='ocrx_word' id='word_1_274' title='bbox 841 3501 1000 3563; x_wconf 78' lang='lat' dir='ltr'>Lucretius</span> <span class='ocrx_word' id='word_1_275' title='bbox 1015 3498 1120 3561; x_wconf 83' lang='lat' dir='ltr'>Ofella</span> 
     </span>
    </p>

    <p class='ocr_par' dir='ltr' id='par_1_24' title="bbox 162 3597 1119 3682">
     <span class='ocr_line' id='line_1_32' title="bbox 162 3597 1119 3682; baseline -0.002 -24"><span class='ocrx_word' id='word_1_276' title='bbox 162 3607 238 3670; x_wconf 85' lang='lat' dir='ltr'>eret,</span> <span class='ocrx_word' id='word_1_277' title='bbox 254 3599 307 3679; x_wconf 89' lang='lat' dir='ltr'>qui</span> <span class='ocrx_word' id='word_1_278' title='bbox 328 3599 484 3661; x_wconf 78' lang='lat' dir='ltr'>Praeneste</span> <span class='ocrx_word' id='word_1_279' title='bbox 503 3609 634 3682; x_wconf 76' lang='lat' dir='ltr'>ceperat,</span> <span class='ocrx_word' id='word_1_280' title='bbox 652 3600 763 3661; x_wconf 88' lang='lat' dir='ltr'>meritis</span> <span class='ocrx_word' id='word_1_281' title='bbox 782 3601 892 3660; x_wconf 88' lang='lat' dir='ltr'>suiset</span> <span class='ocrx_word' id='word_1_282' title='bbox 910 3597 1006 3680; x_wconf 79' lang='lat' dir='ltr'>Syllae</span> <span class='ocrx_word' id='word_1_283' title='bbox 1023 3597 1119 3676; x_wconf 78' lang='lat' dir='ltr'>gratia</span> 
     </span>
    </p>

    <p class='ocr_par' dir='ltr' id='par_1_25' title="bbox 161 3688 1119 3778">
     <span class='ocr_line' id='line_1_33' title="bbox 161 3688 1119 3778; baseline -0.002 -24"><span class='ocrx_word' id='word_1_284' title='bbox 161 3688 301 3756; x_wconf 86' lang='lat' dir='ltr'>confisus.</span> <span class='ocrx_word' id='word_1_285' title='bbox 343 3696 390 3758; x_wconf 87' lang='lat' dir='ltr'>At</span> <span class='ocrx_word' id='word_1_286' title='bbox 404 3698 493 3770; x_wconf 86' lang='lat' dir='ltr'>hune,</span> <span class='ocrx_word' id='word_1_287' title='bbox 507 3701 579 3778; x_wconf 86' lang='lat' dir='ltr'>quis</span> <span class='ocrx_word' id='word_1_288' title='bbox 591 3707 695 3758; x_wconf 88' lang='lat' dir='ltr'>contre</span> <span class='ocrx_word' id='word_1_289' title='bbox 707 3696 803 3778; x_wconf 74' lang='lat' dir='ltr'>legem</span> <span class='ocrx_word' id='word_1_290' title='bbox 817 3716 918 3757; x_wconf 76' lang='lat' dir='ltr'>recem</span> <span class='ocrx_word' id='word_1_291' title='bbox 931 3695 1022 3756; x_wconf 80' lang='lat' dir='ltr'>latam</span> <span class='ocrx_word' id='word_1_292' title='bbox 1036 3703 1119 3774; x_wconf 84' lang='lat' dir='ltr'>pete·</span> 
     </span>
    </p>
   </div>
   <div class='ocr_carea' id='block_1_19' title="bbox 162 3791 1118 3874">
    <p class='ocr_par' dir='ltr' id='par_1_26' title="bbox 162 3791 1118 3874">
     <span class='ocr_line' id='line_1_34' title="bbox 162 3791 1118 3874; baseline 0 -24"><span class='ocrx_word' id='word_1_293' title='bbox 162 3791 228 3864; x_wconf 88' lang='lat' dir='ltr'>bat,</span> <span class='ocrx_word' id='word_1_294' title='bbox 249 3791 379 3852; x_wconf 86' lang='lat' dir='ltr'>nondum</span> <span class='ocrx_word' id='word_1_295' title='bbox 400 3791 552 3854; x_wconf 77' lang='lat' dir='ltr'>inferiores</span> <span class='ocrx_word' id='word_1_296' title='bbox 570 3793 760 3872; x_wconf 76' lang='lat' dir='ltr'>magistratum</span> <span class='ocrx_word' id='word_1_297' title='bbox 779 3791 930 3874; x_wconf 66' lang='lat' dir='ltr'>adeptus:</span> <span class='ocrx_word' id='word_1_298' title='bbox 950 3791 1044 3873; x_wconf 89' lang='lat' dir='ltr'>primo</span> <span class='ocrx_word' id='word_1_299' title='bbox 1055 3809 1118 3850; x_wconf 91' lang='lat' dir='ltr'>mo-</span> 
     </span>
    </p>
   </div>
   <div class='ocr_carea' id='block_1_20' title="bbox 161 3971 1120 4365">
    <p class='ocr_par' dir='ltr' id='par_1_27' title="bbox 161 3971 1120 4365">
     <span class='ocr_line' id='line_1_35' title="bbox 195 3971 1120 4040; baseline -0.004 -16"><span class='ocrx_word' id='word_1_300' title='bbox 195 3981 206 4008; x_wconf 71' lang='lat'>⁸</span> <span class='ocrx_word' id='word_1_301' title='bbox 223 3973 355 4038; x_wconf 67' lang='lat' dir='ltr'>demist]</span> <span class='ocrx_word' id='word_1_302' title='bbox 372 3975 522 4026; x_wconf 77' lang='lat' dir='ltr'>Marsorum</span> <span class='ocrx_word' id='word_1_303' title='bbox 530 3987 623 4040; x_wconf 75' lang='lat' dir='ltr'>angen·</span> <span class='ocrx_word' id='word_1_304' title='bbox 658 3975 724 4025; x_wconf 82' lang='lat' dir='ltr'>nilus</span> <span class='ocrx_word' id='word_1_305' title='bbox 736 3983 851 4026; x_wconf 83' lang='lat' dir='ltr'>mentera</span> <span class='ocrx_word' id='word_1_306' title='bbox 868 3971 1012 4035; x_wconf 81' lang='lat' dir='ltr'>ciceronis,</span> <span class='ocrx_word' id='word_1_307' title='bbox 1027 3973 1072 4036; x_wconf 88' lang='lat' dir='ltr'>qui</span> <span class='ocrx_word' id='word_1_308' title='bbox 1082 3971 1120 4020; x_wconf 84' lang='lat' dir='ltr'>ait</span> 
     </span>
     <span class='ocr_line' id='line_1_36' title="bbox 164 4036 1120 4104; baseline -0.001 -18"><span class='ocrx_word' id='word_1_309' title='bbox 164 4036 185 4088; x_wconf 91' lang='lat' dir='ltr'>ti</span> <span class='ocrx_word' id='word_1_310' title='bbox 196 4039 353 4090; x_wconf 77' lang='lat' dir='ltr'>nostratium</span> <span class='ocrx_word' id='word_1_311' title='bbox 369 4043 472 4104; x_wconf 47' lang='lat' dir='ltr'>tmesi.</span> <span class='ocrx_word' id='word_1_312' title='bbox 488 4041 623 4091; x_wconf 81' lang='lat' dir='ltr'>unciarum</span> <span class='ocrx_word' id='word_1_313' title='bbox 659 4042 692 4090; x_wconf 87' lang='lat' dir='ltr'>ed</span> <span class='ocrx_word' id='word_1_314' title='bbox 702 4056 761 4091; x_wconf 82' lang='lat' dir='ltr'>eam</span> <span class='ocrx_word' id='word_1_315' title='bbox 773 4055 855 4104; x_wconf 85' lang='lat' dir='ltr'>usque</span> <span class='ocrx_word' id='word_1_316' title='bbox 866 4039 935 4090; x_wconf 83' lang='lat' dir='ltr'>dtsm</span> <span class='ocrx_word' id='word_1_317' title='bbox 949 4037 1120 4104; x_wconf 79' lang='lat' dir='ltr'>proscriptio·</span> 
     </span>
     <span class='ocr_line' id='line_1_37' title="bbox 161 4101 1117 4170; baseline -0.002 -17"><span class='ocrx_word' id='word_1_318' title='bbox 161 4106 187 4152; x_wconf 74' lang='lat' dir='ltr'>t·</span> <span class='ocrx_word' id='word_1_319' title='bbox 204 4103 551 4156; x_wconf 67' lang='lat' dir='ltr'>monasteriensem</span> <span class='ocrx_word' id='word_1_320' title='bbox 561 4107 625 4170; x_wconf 83' lang='lat' dir='ltr'>Sep·</span> <span class='ocrx_word' id='word_1_321' title='bbox 658 4121 707 4156; x_wconf 84' lang='lat' dir='ltr'>nes</span> <span class='ocrx_word' id='word_1_322' title='bbox 724 4105 941 4169; x_wconf 80' lang='lat' dir='ltr'>venditionesque</span> <span class='ocrx_word' id='word_1_323' title='bbox 958 4101 1054 4165; x_wconf 64' lang='lat' dir='ltr'>faena,</span> <span class='ocrx_word' id='word_1_324' title='bbox 1065 4115 1117 4152; x_wconf 83' lang='lat' dir='ltr'>noe</span> 
     </span>
     <span class='ocr_line' id='line_1_38' title="bbox 164 4168 1013 4236; baseline 0 -20"><span class='ocrx_word' id='word_1_325' title='bbox 164 4174 218 4217; x_wconf 83' lang='lat' dir='ltr'>tem</span> <span class='ocrx_word' id='word_1_326' title='bbox 230 4171 335 4234; x_wconf 83' lang='lat' dir='ltr'>mercia,</span> <span class='ocrx_word' id='word_1_327' title='bbox 352 4171 435 4220; x_wconf 87' lang='lat' dir='ltr'>unciis</span> <span class='ocrx_word' id='word_1_328' title='bbox 448 4175 475 4221; x_wconf 80' lang='grc'>6.</span> <span class='ocrx_word' id='word_1_329' title='bbox 490 4173 625 4222; x_wconf 79' lang='lat' dir='ltr'>semuncia</span> <span class='ocrx_word' id='word_1_330' title='bbox 659 4187 692 4222; x_wconf 89' lang='lat' dir='ltr'>ex</span> <span class='ocrx_word' id='word_1_331' title='bbox 704 4185 735 4221; x_wconf 83' lang='lat' dir='ltr'>es</span> <span class='ocrx_word' id='word_1_332' title='bbox 746 4179 848 4236; x_wconf 85' lang='lat' dir='ltr'>coeptes</span> <span class='ocrx_word' id='word_1_333' title='bbox 857 4183 925 4219; x_wconf 80' lang='lat' dir='ltr'>esse.</span> <span class='ocrx_word' id='word_1_334' title='bbox 942 4168 1013 4218; x_wconf 81' lang='lat' dir='ltr'>cres.</span> 
     </span>
     <span class='ocr_line' id='line_1_39' title="bbox 164 4231 1118 4296; baseline -0.002 -14"><span class='ocrx_word' id='word_1_335' title='bbox 164 4237 189 4282; x_wconf 92' lang='lat'>1.</span> <span class='ocrx_word' id='word_1_336' title='bbox 209 4234 282 4283; x_wconf 83' lang='lat' dir='ltr'>Creo.</span> <span class='ocrx_word' id='word_1_337' title='bbox 691 4244 703 4271; x_wconf 85' lang='lat'><strong>·</strong></span> <span class='ocrx_word' id='word_1_338' title='bbox 720 4235 836 4286; x_wconf 77' lang='lat' dir='ltr'>Nondum</span> <span class='ocrx_word' id='word_1_339' title='bbox 851 4234 978 4296; x_wconf 58' lang='lat' dir='ltr'>inform</span> <span class='ocrx_word' id='word_1_340' title='bbox 988 4231 1118 4292; x_wconf 61' lang='lat' dir='ltr'>nogium</span> 
     </span>
     <span class='ocr_line' id='line_1_40' title="bbox 195 4297 1118 4365; baseline -0.004 -17"><span class='ocrx_word' id='word_1_341' title='bbox 195 4297 253 4348; x_wconf 64' lang='lat' dir='ltr'>ld.</span> <span class='ocrx_word' id='word_1_342' title='bbox 266 4300 300 4348; x_wconf 87' lang='lat' dir='ltr'>D.</span> <span class='ocrx_word' id='word_1_343' title='bbox 320 4298 445 4348; x_wconf 72' lang='lat' dir='ltr'>Kalendas</span> <span class='ocrx_word' id='word_1_344' title='bbox 464 4299 553 4350; x_wconf 71' lang='lat' dir='ltr'>sunus</span> <span class='ocrx_word' id='word_1_345' title='bbox 573 4301 623 4352; x_wconf 75' lang='lat' dir='ltr'>lac</span> <span class='ocrx_word' id='word_1_346' title='bbox 658 4299 817 4365; x_wconf 67' lang='lat' dir='ltr'>indeptus]</span> <span class='ocrx_word' id='word_1_347' title='bbox 844 4299 1005 4363; x_wconf 84' lang='lat' dir='ltr'>lteqnidem</span> <span class='ocrx_word' id='word_1_348' title='bbox 1018 4297 1118 4359; x_wconf 77' lang='lat' dir='ltr'>Appia·</span> 
     </span>
    </p>
   </div>
   <div class='ocr_carea' id='block_1_21' title="bbox 54 4357 1118 4427">
    <p class='ocr_par' dir='ltr' id='par_1_28' title="bbox 54 4357 1118 4427">
     <span class='ocr_line' id='line_1_41' title="bbox 54 4357 1118 4427; baseline -0.002 -16"><span class='ocrx_word' id='word_1_349' title='bbox 54 4357 61 4368; x_wconf 82' lang='grc'><strong>“</strong></span> <span class='ocrx_word' id='word_1_350' title='bbox 163 4362 348 4427; x_wconf 66' lang='lat' dir='ltr'>manucapti]</span> <span class='ocrx_word' id='word_1_351' title='bbox 373 4363 457 4414; x_wconf 79' lang='lat' dir='ltr'>laureo</span> <span class='ocrx_word' id='word_1_352' title='bbox 474 4363 551 4415; x_wconf 81' lang='lat' dir='ltr'>linita</span> <span class='ocrx_word' id='word_1_353' title='bbox 572 4375 621 4417; x_wconf 84' lang='lat' dir='ltr'>est.</span> <span class='ocrx_word' id='word_1_354' title='bbox 658 4380 716 4416; x_wconf 80' lang='lat' dir='ltr'>nur.</span> <span class='ocrx_word' id='word_1_355' title='bbox 748 4367 801 4417; x_wconf 85' lang='lat' dir='ltr'>Sed</span> <span class='ocrx_word' id='word_1_356' title='bbox 814 4365 931 4415; x_wconf 82' lang='lat' dir='ltr'>Velleius</span> <span class='ocrx_word' id='word_1_357' title='bbox 943 4377 1001 4410; x_wconf 81' lang='lat' dir='ltr'>euni</span> <span class='ocrx_word' id='word_1_358' title='bbox 1020 4371 1118 4426; x_wconf 72' lang='lat' dir='ltr'>pretu-</span> 
     </span>
    </p>
   </div>
   <div class='ocr_carea' id='block_1_22' title="bbox 163 4427 1118 4498">
    <p class='ocr_par' dir='ltr' id='par_1_29' title="bbox 163 4427 1118 4498">
     <span class='ocr_line' id='line_1_42' title="bbox 163 4427 1118 4498; baseline -0.002 -20"><span class='ocrx_word' id='word_1_359' title='bbox 163 4427 216 4478; x_wconf 79' lang='lat' dir='ltr'>llic</span> <span class='ocrx_word' id='word_1_360' title='bbox 228 4443 279 4478; x_wconf 87' lang='lat' dir='ltr'>noo</span> <span class='ocrx_word' id='word_1_361' title='bbox 291 4438 426 4480; x_wconf 69' lang='lat' dir='ltr'>saecutus</span> <span class='ocrx_word' id='word_1_362' title='bbox 435 4437 477 4480; x_wconf 84' lang='lat' dir='ltr'>eet</span> <span class='ocrx_word' id='word_1_363' title='bbox 485 4429 623 4482; x_wconf 79' lang='lat' dir='ltr'>Freinsta·</span> <span class='ocrx_word' id='word_1_364' title='bbox 656 4445 714 4481; x_wconf 91' lang='lat' dir='ltr'>rem</span> <span class='ocrx_word' id='word_1_365' title='bbox 723 4433 834 4498; x_wconf 74' lang='lat' dir='ltr'>gessisse</span> <span class='ocrx_word' id='word_1_366' title='bbox 841 4429 1079 4494; x_wconf 51' lang='lat' dir='ltr'>aurifigiatam.</span> <span class='ocrx_word' id='word_1_367' title='bbox 1087 4435 1118 4476; x_wconf 88' lang='grc' dir='ltr'>ιιι</span> 
     </span>
    </p>
   </div>
   <div class='ocr_carea' id='block_1_23' title="bbox 0 0 1654 5225">
    <p class='ocr_par' dir='ltr' id='par_1_30' title="bbox 0 0 1654 5225">
     <span class='ocr_line' id='line_1_43' title="bbox 0 0 1654 5225; baseline 0 0"><span class='ocrx_word' id='word_1_368' title='bbox 0 0 1654 5225; x_wconf 95' lang='lat' dir='ltr'> </span> 
     </span>
    </p>
   </div>
  </div>
 </body>
</html>
