3300 5225
364 557 471 608 urunt
489 548 670 606 ΗΠΒ.
692 553 1015 605 suurtuuuuuunt.
1170 541 1259 611 4715
1385 521 1388 527 =

182 707 237 764 25.
258 700 353 762 Anno
371 709 525 782 sequente,
543 699 585 761 ⁸1..
605 697 704 782 Sylla,
726 716 897 781 quanquam
916 697 1095 760 dictaturam
1107 707 1216 776 Appiae.
1325 682 1329 689 x

143 806 270 877 gereret,
283 799 388 860 iterum
399 797 494 858 creari
506 795 609 858 consul
621 796 728 868 voluit,
740 805 869 856 assumto
882 797 913 855 in
925 796 1096 858 societatem

143 897 265 957 honoris
286 895 329 963 Q.
350 894 477 956 cecilio
495 894 538 962 Q.
553 894 589 955 F.
607 894 643 954 L.
662 892 707 954 N.
727 892 855 954 Metello
872 893 962 954 Pio!
1004 893 1096 961 Quod

142 993 255 1056 deinde
273 992 441 1054 Cesaribus
459 991 628 1073 exemplum
652 991 777 1073 placuit,
796 999 830 1052 ut
846 1011 915 1051 cum
932 1010 1047 1052 summa
1065 1001 1098 1052 et
1225 1016 1230 1030 ·

142 1091 226 1170 regia
246 1097 392 1171 potestate
409 1089 580 1150 consulatus
596 1086 715 1150 tituluni
729 1091 922 1170 conjungere,
939 1089 1096 1169 pulchrum

141 1196 175 1248 et
196 1187 284 1248 civile
303 1186 520 1247 arbitrarentur.
562 1183 628 1246 Hic
646 1205 739 1246 onnus
754 1185 932 1266 jucundum,
952 1205 1007 1246 nec
1026 1194 1096 1246 ante
1106 1187 1261 1241 Plumea
1361 1201 1364 1208 ·

82 1307 85 1314 ’
140 1285 241 1344 uisum
255 1282 336 1342 Urbi
349 1281 551 1364 spectaculum
565 1281 676 1353 attulit,
691 1301 759 1342 cum
769 1302 860 1363 eques
874 1281 1041 1352 Romanus,
1051 1281 1095 1342 id·
1108 1285 1162 1337 tr'v.
1175 1287 1240 1352 Epit.

141 1397 204 1460 que
231 1379 360 1440 nondum
385 1377 508 1461 expleto
534 1379 638 1460 quinto
662 1387 693 1438 et
718 1379 859 1440 vicesimo
884 1378 981 1438 aetatis
1006 1398 1095 1449 anno,

140 1477 347 1558 triumpharet.
389 1471 555 1558 Pompeius
574 1475 683 1548 isfuit,
704 1495 762 1536 non
781 1477 902 1537 minoris
918 1475 1009 1557 paulo
1026 1484 1096 1534 ante
1107 1473 1174 1527 Plut.

140 1576 265 1635 terroris
276 1575 455 1646 hominibus,
469 1593 559 1654 quam
577 1593 654 1634 nunc
669 1572 781 1634 laetitiae
793 1595 895 1646 causa,
908 1574 979 1654 quia
991 1572 1096 1651 dedig-

140 1681 266 1732 nantem
281 1674 366 1752 jusss
386 1671 482 1752 Syllae
507 1691 575 1732 cum
599 1671 706 1732 infesto
731 1671 863 1732 exercitu
886 1681 1042 1732 venturum
1065 1671 1114 1729 in·

141 1767 267 1828 ltaliam
281 1777 467 1850 putaverant.
503 1768 594 1830 Unde
610 1767 728 1849 Syllam
742 1790 861 1851 quoque
873 1768 984 1830 dixisse
997 1786 1096 1828 rumor

139 1875 217 1938 erat,
239 1875 249 1902 ⁴
263 1865 357 1927 fatale
375 1867 431 1927 sibi
444 1887 507 1928 esse
520 1887 588 1928 cum
602 1867 699 1947 pueris
711 1867 742 1926 in
755 1875 906 1927 senectute
918 1865 1083 1936 colluctari,
1086 1864 1095 1892 ’

139 1963 223 2045 quod
246 1964 335 2025 etc,
358 1964 474 2026 Marius
491 1965 664 2027 adolescens
686 1965 836 2043 negotium
858 1966 886 2026 ei
908 1965 1094 2024 exhibuerat.
1179 1954 1181 1965 '

140 2062 241 2142 Igitur
263 2061 511 2143 quemadmodum
533 2063 727 2144 presentibus
750 2071 879 2122 uteretur
899 2063 1040 2132 incertus,
1063 2062 1108 2122 et¹

138 2160 256 2220 ferebat
266 2159 305 2223 de
319 2158 457 2220 reditu
428 2180 494 2240 ejus
507 2159 614 2239 legem,
631 2169 663 2220 et
680 2180 720 2221 ex
731 2161 895 2240 composito
907 2161 1011 2240 perc.
1025 2160 1094 2221 He-
1122 2161 1257 2279 8111111111·

139 2257 275 2316 renniunr
288 2257 439 2316 tribunum
453 2255 549 2337 plebis
561 2277 592 2318 se
606 2257 722 2318 sinebat
734 2257 892 2338 prohiberi.
934 2256 1020 2317 Nam
1032 2233 1162 2318 alien·¹

137 2353 234 2414 ferme
246 2355 327 2413 omni
342 2355 413 2434 jure
432 2354 558 2416 tribunis
579 2363 692 2437 erepto,
714 2355 950 2416 intemessionem
970 2354 1092 2415 liberam
1123 2355 1249 2406 0111011·

138 2450 312 2532 reliquerat.
1107 2435 1129 2470 ¹
1139 2425 1165 2471 ⁷

179 2555 232 2610 26.
255 2548 397 2610 Ceterum
417 2548 499 2610 lama
525 2548 665 2632 Pompeii
686 2548 818 2612 Romam
843 2556 953 2632 pacato
975 2548 1093 2629 agmine
1121 2549 1187 2600 Ρ111·

138 2646 347 2709 contendentis
359 2657 439 2708 metu
453 2668 490 2710 ac
502 2646 690 2709 solicitudine
702 2648 855 2709 civitatem
869 2647 1008 2709 absolvit.
1039 2646 1093 2707 In-

137 2744 292 2807 credibilis
304 2746 455 2807 hominum
467 2745 638 2817 multitudo,
652 2766 722 2807 cum
734 2736 849 2807 summa
860 2744 1093 2828 propensissime

138 2842 304 2904 voluntatis
324 2842 581 2914 demonstratione,
602 2844 722 2905 obviam
740 2842 833 2903 fuere.
875 2843 964 2923 Sylla
974 2862 1093 2923 quoque

137 2940 227 3021 quasi
240 2960 310 3001 cum
320 2940 426 3001 studiis
437 2941 546 3003 civium
558 2950 722 3001 certaturus
739 2942 867 3003 occurrit
883 2941 922 3013 ei,
941 2960 1092 3022 pronoque

138 3036 242 3098 lavore
254 3047 419 3119 acceptum,
432 3038 514 3098 elata
526 3058 600 3099 voce
610 3038 757 3117 Magnum
769 3039 978 3110 consalutauit,
992 3046 1092 3099 ostan-

136 3144 243 3217 tesque
268 3138 392 3210 monuit,
411 3144 445 3197 ut
462 3136 520 3197 hoc
540 3156 609 3197 eum
631 3136 770 3218 deinceps
790 3138 907 3198 nornine
929 3135 1091 3218 compella·

138 3242 214 3292 rent.

176 3334 231 3392 27.
250 3328 445 3411 Triumphum
462 3338 563 3391 umen
583 3332 695 3411 petenti
714 3331 841 3394 restitit:
862 3353 917 3395 nee
939 3333 1024 3414 quasi
1045 3333 1090 3391 in·
1118 3364 1120 3367 ·

137 3424 263 3488 rideret.
314 3427 410 3488 ‘Nec
432 3430 510 3489 enim
536 3430 675 3507 ignoras:
699 3431 806 3512 inquit,
833 3432 923 3492 ‘Cn
946 3429 1090 3511 Pompei,

137 3523 243 3602 quanti
257 3534 288 3585 te
300 3524 421 3595 faciam,
439 3525 616 3606 quantisque
630 3524 750 3605 dignum
769 3528 931 3589 honoribus
943 3527 1089 3607 judicem.

139 3620 222 3686 Quid
235 3623 314 3683 enim
327 3631 384 3693 est,
397 3621 478 3704 quod
500 3642 558 3683 non
574 3624 669 3685 virtus
687 3623 818 3699 illatus,
839 3625 942 3706 reique
960 3623 1090 3705 publicae

134 3719 253 3779 etmihi
271 3722 403 3801 praestita
424 3718 598 3782 fidelissima
619 3731 710 3804 atque
734 3722 895 3784 lonhsima
912 3743 1004 3803 opera
1027 3741 1089 3780 me-

139 3814 257 3877 reatur?
299 3817 343 3879 Et
362 3838 429 3898 ego,
450 3818 475 3878 si
495 3836 597 3879 rerum
620 3840 713 3894 amas,
731 3840 790 3881 non
810 3821 927 3901 parcior
944 3821 976 3879 in
996 3819 1089 3878 hono·

139 3913 233 3974 tanda
251 3914 361 3975 virtute
382 3922 437 3975 tua
457 3913 511 3987 sui,
529 3936 621 3995 quarn
643 3926 676 3977 tu
698 3918 730 3979 in
750 3916 933 3999 explicanda
952 3914 1089 3975 extitisti.

140 4009 199 4072 Sed
221 4031 319 4093 neque
341 4014 373 4073 in
392 4021 541 4094 posterum
563 4016 724 4095 quicquam
744 4017 801 4077 tibi
827 4024 987 4094 negaturus
1009 4030 1088 4087 sum,

138 4110 216 4189 qnod
239 4110 304 4171 fieri
328 4112 430 4192 possit,
452 4120 483 4173 et
499 4112 634 4175 institute
646 4115 781 4175 civitatis
803 4123 910 4176 nostrae
928 4112 1088 4196 patiantur.

138 4339 293 4397 parietinis
311 4338 465 4389 Graecorum
484 4341 592 4401 scripto·
632 4341 693 4391 terii
705 4348 733 4392 et
743 4340 854 4391 Pridelti
865 4338 1001 4391 refellitur.
1018 4340 1088 4389 Cres.

139 4406 399 4475 rnnuctoritaupnr
405 4407 537 4457 sententia
544 4406 591 4456 Ur·
664 4407 680 4437 '
696 4407 730 4461 A.
742 4408 775 4460 U.
787 4408 817 4458 C.
828 4410 886 4457 utu.
897 4406 932 4458 A.
940 4407 972 4457 C.
981 4410 1024 4455 8⁰.
