3300 5225
903 577 940 627 T·
964 577 1061 629 ttvtt

477 744 482 769 ι
574 732 654 785 tures
675 722 759 783 urbis
781 720 944 799 Romnum
965 722 1059 785 verbs
1077 718 1136 783 sibi
1157 719 1225 783 duri
1246 718 1396 803 petienter
1417 720 1526 783 scilicet

573 820 685 883 ferenti
709 820 808 882 Immo
819 840 892 883 vero
899 824 953 902 jus
963 842 1061 893 suum,
1073 822 1100 881 si
1113 819 1247 880 modeste
1257 819 1374 898 egendo
1386 820 1525 901 neqnive-

573 920 633 981 rint
644 920 789 992 obtinere,
802 919 909 981 iisdem
921 918 982 981 illis
993 920 1093 991 ermis,
1114 918 1222 1000 quibus
1240 937 1383 990 memere,
1395 918 1526 980 vindict-

574 1018 659 1099 bunt.
701 1018 845 1081 Omnium
862 1019 952 1091 enim,
972 1018 1082 1099 quibus
1099 1036 1194 1099 nuper
1211 1014 1334 1077 decretu
1353 1025 1400 1077 est
1411 1017 1525 1089 cirites,

571 1116 680 1179 eedem
703 1136 782 1179 nunc
804 1138 898 1180 ceusu
917 1127 974 1189 est,
987 1116 1103 1177 etiamsi
1122 1115 1246 1175 lortnsse
1262 1112 1376 1195 disperi
1388 1113 1439 1175 rie
1453 1115 1526 1177 lrrnc

572 1215 614 1277 nd
626 1236 748 1277 causum
760 1215 958 1299 pervenerint.
999 1214 1084 1277 Aliis
1094 1214 1185 1284 euim,
1198 1212 1271 1293 quie
1283 1232 1338 1293 pro
1355 1213 1442 1273 nobis
1455 1234 1522 1295 pug-

572 1322 692 1387 narunt,
706 1313 786 1385 eliis,
799 1314 872 1395 quie
882 1322 987 1375 contus
998 1332 1052 1373 nos
1060 1318 1228 1395 pugnarunt
1238 1310 1335 1371 minus
1347 1313 1489 1374 atrociter
1499 1322 1528 1374 et

571 1410 637 1485 diu,
650 1413 803 1475 civitatem
815 1411 882 1473 duri
895 1409 1021 1494 plscuit,
1031 1411 1225 1472 obventurum
1238 1410 1360 1480 neutris,
1373 1411 1432 1471 nisi
1444 1410 1527 1471 ulteri

573 1529 673 1571 umere
685 1511 824 1571 virtutem
835 1530 921 1571 sumn
932 1508 1075 1592 populum
1088 1508 1280 1578 Romanumr
1301 1507 1390 1570 elteri
1403 1508 1527 1581 timere;

569 1610 692 1690 utrique
706 1608 851 1669 numere
864 1607 1042 1669 docuissent.

613 1713 664 1768 lt.
686 1715 696 1744 ‘
707 1706 949 1787 Atquentinnm
971 1706 1075 1767 iisdem
1095 1704 1213 1777 nnimis,
1233 1703 1343 1784 quibus
1355 1704 1527 1785 promitten·
1607 1747 1608 1754 κ

487 1866 490 1873 ,
570 1805 642 1865 dem
659 1804 716 1866 sibi
738 1805 893 1866 civitatem
913 1814 1035 1865 senatus
1055 1788 1180 1876 censuit,
1202 1810 1344 1884 prestere
1359 1801 1526 1864 voluisset!

571 1900 661 1963 Nihil
673 1920 752 1962 nuuc
764 1900 811 1962 his
822 1892 899 1962 emt
916 1902 1155 1963 contentionibus
1166 1919 1260 1982 opus:
1282 1901 1357 1960 etin
1376 1898 1442 1961 ulte
1455 1921 1528 1982 pnce

570 2020 607 2061 nc
620 1998 743 2061 florente
757 2000 923 2081 republica,
936 2009 1052 2061 veteres
1067 1998 1156 2060 simul
1171 1999 1307 2079 novique
1324 1997 1409 2058 cives
1417 2009 1529 2059 mutue
1607 1991 1608 1996 ’

569 2096 786 2159 benevolentire
806 2098 1034 2180 concordiusque
1055 2097 1169 2158 fructus
1187 2096 1355 2157 letissimos
1375 2106 1529 2178 cuperent.

570 2192 631 2255 sed
644 2195 706 2255 sive
721 2194 856 2257 Deorum
875 2196 943 2259 brec
954 2196 1000 2257 ire
1011 2204 1069 2269 est,
1079 2193 1194 2255 nullum
1212 2193 1383 2255 diumrnnm
1398 2193 1528 2257 lelieitn·

438 2347 440 2356 ,
568 2300 629 2352 tem
652 2291 788 2354 humenis
809 2294 897 2355 rebus
916 2293 1171 2375 relinquentium
1192 2292 1255 2352 sire
1275 2292 1430 2352 bominum
1444 2301 1530 2354 tento

568 2388 786 2471 importunitas,
805 2400 841 2451 ut
858 2410 1030 2453 concessum
1050 2410 1070 2450 n
1090 2388 1160 2449 Diis
1180 2388 1311 2470 quietem
1330 2391 1426 2471 pomit
1446 2410 1529 2451 erer-

566 2494 651 2547 tere:
677 2488 778 2548 omnia
802 2489 932 2549 nuncin
950 2490 1130 2549 contrarium
1149 2506 1235 2548 versu
1256 2496 1336 2557 sunt,
1357 2496 1391 2548 et
1413 2488 1530 2551 ultima

567 2582 782 2668 propemodum
799 2584 1014 2668 desperetiouis
1030 2584 1152 2658 indicio,
1166 2585 1232 2670 ipse
1243 2584 1275 2646 in
1288 2586 1425 2648 morbum
1437 2608 1530 2649 reme-

565 2680 618 2742 die
629 2691 791 2745 verterunt.

492 2855 496 2866 ι
567 2797 572 2806 ·
606 2784 657 2840 18.
679 2779 790 2841 ‘Proh
812 2779 914 2843 Deum
936 2781 1147 2864 bominumque
1168 2779 1280 2844 fideml
1302 2781 1373 2842 ideo
1386 2782 1529 2842 nimirum

564 2875 668 2936 dotem
681 2879 769 2946 sociis
780 2878 932 2940 ciritntem
945 2899 1020 2951 esse,
1033 2889 1067 2941 ut
1078 2901 1148 2942 cum
1161 2881 1265 2942 iisdem
1283 2879 1424 2960 deinceps
1444 2877 1530 2940 cirili

563 2972 646 3034 bello
658 2973 887 3036 collideremur!
910 2976 959 3036 At
970 2997 1042 3037 vero
1054 2986 1108 3039 eut
1119 2997 1272 3059 nunquam
1284 2977 1388 3037 dotem
1400 2974 1442 3036 iis
1453 2977 1529 3037 ciri·

563 3077 658 3132 tutem
671 3075 815 3154 oportuit,
829 3083 883 3135 out
894 3073 975 3134 bone
983 3073 1085 3136 detem
1097 3075 1167 3136 lide.
1188 3075 1219 3136 0
1232 3075 1359 3136 distorte
1371 3073 1530 3134 bominum

563 3168 703 3247 ingenis!
724 3191 744 3230 o
757 3179 912 3252 corruptus
924 3171 1057 3232 mentes!
1080 3172 1289 3234 Amicissimos
1298 3169 1531 3254 modopcpulos

562 3265 662 3326 subito
674 3266 802 3328 tumultu
822 3266 995 3341 dissiluisse,
1014 3269 1158 3352 repletum
1178 3271 1269 3332 ermis
1289 3269 1428 3342 Iuliam,
1449 3269 1532 3330 terro

563 3369 654 3442 etque
665 3364 743 3446 igne
763 3373 922 3439 vestatum,
941 3375 1077 3428 extreme
1095 3377 1128 3428 et
1146 3367 1253 3429 fecisse
1266 3367 1363 3428 socios
1380 3374 1533 3448 etpsnos

562 3477 637 3533 esse,
651 3463 809 3544 quisquam
819 3483 900 3524 suum
908 3465 1014 3526 mentis
1023 3464 1193 3539 crediderit,
1200 3486 1255 3548 pro
1264 3465 1384 3526 nomine
1393 3473 1531 3546 tnnurpn,
1607 3518 1608 3525 ,

562 3575 622 3618 non
646 3579 700 3640 pro
715 3563 785 3642 jure
805 3563 960 3624 civitatis?
990 3563 1045 3626 Au
1066 3585 1137 3626 vero
1160 3565 1332 3625 existimare
1350 3571 1530 3644 potuerunt,

561 3674 626 3728 vos,
641 3659 694 3738 qui
707 3659 737 3719 in
750 3659 850 3720 medie
860 3662 1016 3743 republica
1028 3661 1171 3724 Romatio
1182 3661 1246 3724 neti
1257 3659 1392 3744 plerique
1404 3669 1439 3721 et
1451 3662 1531 3722 edu·

560 3755 622 3814 ceti
645 3755 726 3828 estis,
742 3755 843 3840 decipi
863 3768 928 3820 tem
948 3761 1073 3842 turpiter
1095 3781 1194 3841 posse,
1207 3756 1464 3842 nrt-appellatione
1484 3758 1531 3820 ci·

559 3853 641 3914 rium
656 3853 862 3917 Rornanorum
885 3861 1026 3930 contenti,
1045 3879 1107 3940 quo
1122 3859 1192 3939 jure
1212 3877 1332 3939 qunque
1351 3850 1532 3918 conditione

561 3947 695 4013 Romani
709 3952 789 4013 cives
802 3965 935 4034 egerent,
950 3975 1009 4017 uun
1022 3955 1234 4037 requireretis?

601 4053 652 4107 14.
673 4047 852 4112 ‘Nimirum
869 4052 1005 4134 improbe
1022 4053 1174 4135 cupiditns
1191 4051 1377 4123 dominnndi,
1389 4057 1424 4111 et
1434 4069 1532 4111 suum

559 4142 599 4203 ed
609 4143 724 4206 lucrum
733 4147 871 4208 trahendi
881 4151 1107 4232 rempublicam,
1118 4152 1163 4212 ite
1174 4149 1342 4212 excecavit
1349 4151 1483 4222 unimus,
1495 4161 1532 4210 ut

558 4239 691 4304 lromines
703 4254 803 4306 cetera
815 4267 875 4307 non
887 4249 1073 4330 cupidissimi
1089 4257 1204 4312 tentum
1223 4249 1301 4310 benc
1316 4257 1441 4329 temque
1462 4251 1532 4310 sin·

559 4338 691 4417 gularem
715 4345 873 4404 amentiam
891 4344 993 4407 ridere
1011 4356 1102 4428 utque
1120 4345 1339 4429 deprehendere
1357 4356 1530 4428 nequeant.

561 4429 659 4517 I'gitur
669 4439 776 4503 festivo
788 4463 859 4504 sene
869 4445 1006 4518 consilio,
1019 4465 1087 4507 cum
1101 4446 1255 4528 eliquanto
1264 4445 1401 4528 pluribus
1411 4435 1533 4508 durent
