3300 5225
384 562 487 611 ursui
513 562 670 613 cxxvii.
693 544 1017 615 su'snuuusrimma
1167 550 1259 615 toto

138 704 215 762 rir'ns
225 704 412 785 cqmtribus
432 704 542 786 meliis
554 724 626 784 gens
645 715 701 778 sst,
714 708 901 785 octingentos
911 705 1096 769 'Nicomedis
1107 716 1214 784 Appius.

137 802 257 880 equites
276 802 367 873 uncti,
395 800 554 883 profligant
575 802 735 883 Bithynos,
768 803 972 884 quosdamque
993 822 1096 863 eorum

137 907 247 979 captos
259 895 413 958 sdducuut
423 898 463 958 sd
475 918 585 977 regem.
627 897 688 960 Illo
705 918 744 960 er
768 901 865 981 prime
888 900 1024 961 instituto
1041 900 1097 959 hos

138 1014 262 1075 quoque
285 994 397 1055 vistico
414 994 486 1056 dsto
498 995 624 1055 dimittit
643 996 673 1056 in
695 997 833 1077 ponium.
874 996 926 1057 Its
944 997 1006 1057 vim
1029 996 1097 1057 eliis

139 1090 268 1151 Pontici
281 1092 368 1169 regis,
382 1090 568 1172 militumque
577 1092 728 1165 virtutem,
742 1093 810 1153 eliis
821 1093 1009 1153 clementium
1021 1111 1096 1174 prte-

138 1188 323 1261 dicentibus,
337 1208 405 1249 cum
415 1190 455 1249 sb
464 1198 590 1269 utruque
602 1210 694 1251 osuss
705 1190 896 1272 popularium
918 1191 1023 1251 animis
1035 1190 1096 1251 Ni·

138 1284 284 1345 comedes
303 1285 459 1358 diffideret,
480 1306 539 1347 non
561 1297 720 1369 erpcctuto
747 1286 937 1349 Mithridstis
955 1287 1097 1359 sdvcutu,

140 1402 245 1443 versus
258 1383 294 1443 1„
309 1383 445 1445 Gessium
458 1387 633 1446 rctrooessit.

183 1487 236 1541 54.
259 1480 383 1541 Manius
394 1481 465 1561 fug-s
477 1481 676 1564 Bithynorum
689 1481 830 1555 nudatus,
839 1502 908 1544 cum
920 1482 1001 1543 solus
1012 1482 1096 1544 resis-
1108 1495 1235 1545 Memnon.

141 1584 206 1636 tere
221 1578 314 1638 tontis
326 1578 421 1659 copiis
433 1598 490 1640 non
505 1588 614 1659 posset,
638 1580 668 1641 in
683 1579 793 1640 tutiors
806 1578 876 1640 locs
886 1581 1039 1660 mgiubm
1050 1600 1098 1641 re·
1110 1590 1218 1658 Appiis.

141 1675 265 1737 cedere.
309 1676 369 1737 Scd
390 1696 458 1737 eum
478 1674 697 1759 Neoptolemus
717 1676 1099 1759 Mitlrridstisspnrpurstns
1265 1673 1269 1679 ⁴

142 1793 213 1833 cum
227 1772 375 1835 Armonio
389 1774 592 1855 Menophene,
611 1776 666 1837 sub
685 1776 788 1836 horum
805 1772 865 1835 diei
881 1776 1038 1857 septimum
1051 1794 1098 1835 ss-

143 1872 243 1931 sccuti
256 1890 387 1953 pugnare
407 1878 575 1951 cosgemnt.
619 1870 768 1933 Hsbebst
787 1873 844 1933 sub
863 1872 954 1953 signis
964 1874 1099 1953 equitum

144 1978 276 2049 quotuor
289 1969 395 2040 millis,
406 1969 537 2051 peditum
547 1968 718 2052 decuplum,
729 1970 781 2031 sed
793 1972 890 2031 victus
903 1970 942 2031 ub
954 1969 1099 2042 hostibus,

142 2065 239 2127 ferme
262 2066 367 2127 decem
389 2066 484 2147 millis
507 2068 634 2128 militum
663 2070 693 2129 in
719 2065 822 2149 praelio
844 2069 962 2129 amisit:
993 2077 1099 2129 cetcrae

143 2165 243 2245 copiae
264 2164 413 2245 &ipatae
428 2166 458 2226 in
478 2165 595 2226 diverse
608 2166 754 2227 sbiemnt.
796 2165 953 2246 Aquillius
965 2164 1005 2225 sd
1021 2164 1099 2225 Scu-

144 2263 263 2341 gsrium
276 2260 401 2323 fluvium
412 2261 484 2341 lugo
496 2262 623 2335 delatus,
637 2263 709 2325 licet
715 2265 783 2343 jum
796 2283 857 2323 nox
870 2270 984 2341 tegeret
995 2270 1100 2333 terras,

143 2360 317 2419 trsrumisso
330 2359 431 2419 stetim
444 2360 576 2431 flumine,
590 2369 694 2441 postes
707 2360 890 2441 Pergamum
903 2359 994 2421 veuit.
1025 2358 1100 2419 Cus-

144 2464 192 2515 trs
204 2475 328 2536 quoque
348 2459 414 2537 ejus
434 2465 524 2538 cupts
546 2467 623 2519 sunt.
666 2456 729 2517 Sed
749 2456 942 2517 Mithridates
954 2454 1100 2537 captivos,
1129 2458 1204 2508 Diod·
1222 2474 1264 2524 sp.

71 2623 76 2634 1
144 2553 223 2614 sicut
237 2561 327 2614 cutes
339 2552 437 2614 locere
449 2562 653 2626 consueverat,
666 2574 734 2615 cum
747 2552 877 2614 Asiutici
886 2561 994 2625 essent,
1007 2551 1100 2613 comi·
1113 2524 1170 2573 v*

145 2657 190 2710 ter
203 2649 366 2721 allocutus,
378 2671 447 2711 cum
467 2651 598 2713 vestibus
620 2660 651 2712 et
671 2653 781 2713 vistico
802 2650 841 2712 sd
863 2671 930 2711 suos
953 2669 1101 2732 quomque

146 2745 243 2806 redire
257 2767 372 2827 possus,
383 2754 500 2807 tuntum
512 2749 624 2808 excivit
633 2747 858 2819 benevolente,
871 2757 905 2808 nt
915 2747 1051 2807 certstim
1062 2745 1101 2806 sd

146 2865 215 2904 eum
228 2844 331 2904 omnis
342 2842 527 2914 deficerent:
551 2843 700 2926 legetiquc
720 2863 829 2924 magno
843 2863 965 2905 numero
976 2841 1101 2905 accede·
1130 2850 1221 2901 Justin.

147 2951 213 3000 rent
232 2939 356 3001 decreto
373 2941 529 3001 civitatum
541 2940 709 3012 offerentes,
719 2941 826 3021 quibus
838 2961 937 3020 regem
950 2940 990 3001 sd
1002 2959 1034 3000 sc
1049 2959 1102 3000 vo·
1115 2921 1265 3046 ¹33ss&

147 3037 272 3108 csbsnt,
288 3037 388 3100 Deum
403 3047 493 3118 etque
504 3037 904 3120 Servstoremsppellsntes:
918 3047 1101 3118 etquocum·
1113 3045 1179 3098 rue,
1188 3063 1212 3096 c.
1223 3051 1265 3098 tt.

147 3154 206 3213 que
219 3135 360 3207 venisset,
374 3135 494 3195 obviam
506 3134 606 3196 effusis
618 3155 686 3195 cnm
698 3133 857 3216 splendids
869 3144 952 3195 veste
965 3134 1102 3195 omuibus

148 3231 314 3302 ordinibus,
328 3251 442 3291 summu
455 3231 563 3292 laetitis
574 3231 789 3313 excipiebatur.

189 3333 241 3389 ot.
264 3326 377 3408 Neque
395 3327 536 3400 Cassius,
547 3337 578 3389 et
595 3326 789 3404 Nicomedes,
810 3336 842 3388 et
858 3325 971 3408 quislii
989 3325 1102 3407 legito-
1132 3336 1238 3402 Appius.

149 3444 214 3484 rum
225 3423 436 3485 Romanorum
448 3425 485 3486 iis
497 3425 572 3486 locis
584 3432 680 3502 erent,
693 3424 826 3484 inhibere
837 3425 979 3503 impetum
998 3441 1103 3504 prope-
1231 3453 1236 3461 ·

151 3523 255 3592 rantis,
269 3529 324 3582 sut
336 3541 484 3602 opponere
497 3542 529 3582 se
542 3521 637 3582 ruenti
651 3521 736 3582 Asiae
750 3520 918 3582 audebunt:
939 3519 1104 3600 frustraque

150 3619 271 3678 tentatis
286 3618 443 3698 Phrygum
456 3618 588 3690 auxiliis,
601 3639 669 3680 cum
690 3620 824 3680 homines
844 3617 884 3678 sd
902 3616 1038 3677 militiam
1062 3617 1106 3676 in·

150 3725 235 3796 eptos
243 3735 385 3776 exercere
398 3717 482 3776 irrito
489 3717 591 3777 lsborc
600 3716 803 3787 instituissent,
813 3715 986 3776 dimiserunt
992 3734 1105 3786 omncs,

150 3822 182 3873 et
194 3833 213 3873 s
225 3813 353 3874 castello
365 3813 521 3894 Phrygiis,
534 3813 615 3894 quod
630 3812 764 3875 leonum
777 3811 932 3895 appellant
943 3821 1036 3892 ceput
1055 3815 1105 3889 (co
1133 3827 1270 3878 Ptuths·

151 3913 232 3972 enim
247 3921 370 3992 propter
391 3911 583 3972 munitionem
602 3910 661 3972 loci
673 3913 888 3987 convenerunt)
908 3909 1018 3970 diversi
1039 3909 1105 3970 sbi·
1117 3893 1266 4008 ff'iffl·

152 4019 249 4070 crunt.
273 4007 396 4068 Csmius
407 4007 577 4090 Apsmcsm
590 4007 711 4071 reduxit
722 4027 809 4068 suos:
831 4006 1016 4068 Nicomedes
1028 4005 1105 4066 Per·
1143 3974 1226 4024 ppos.

152 4123 285 4182 gamm
305 4104 467 4166 Mancinus
484 4103 629 4166 Rhodum
643 4105 685 4165 ire
697 4103 860 4165 constituit.
902 4102 934 4163 A
956 4103 1107 4190 Pergsmo

154 4199 352 4272 Nicomedes,
366 4209 400 4261 ut
421 4189 581 4281 conspectu
602 4219 656 4261 suo
676 4199 745 4281 plus
764 4207 897 4261 moveret
916 4207 1061 4271 senatum,
1076 4200 1107 4258 in

154 4297 280 4358 Italiam
291 4298 453 4378 nsvigsvit.
483 4297 557 4358 Hoc
570 4297 620 4357 ubi
634 4296 768 4358 studitum
781 4304 828 4356 est
840 4297 877 4357 iis
885 4296 936 4376 qui
945 4294 1105 4356 occluden-
1118 4272 1269 4403 'effi-¹¹¹·

154 4393 201 4454 dis
223 4393 347 4456 Pontici
368 4396 457 4456 meris
478 4392 616 4457 faucibus
637 4392 677 4454 sd
700 4391 883 4474 Byzantium
902 4391 1227 4474 cxcubnbont,sppim.
