3300 5225
387 556 1002 634 exanimetur.surrnausnrusr.
1162 538 1251 608 4837

132 696 291 761 nsbiaruin
309 698 440 761 utilitate
456 700 620 783 spoliatus:
640 721 875 783 concursumque
887 690 1027 763 civilibus
1039 720 1087 761 ar-

130 796 192 860 mis
207 795 294 868 leret,
308 797 363 857 nisi
376 796 518 869 Triarius,
531 796 624 859 Cotta
636 799 828 881 exercituque
841 799 944 859 multis
956 798 1087 859 lenibus·

131 914 194 975 que
205 895 304 955 verbis
315 894 445 977 placato,
457 896 589 977 predam
602 916 785 957 communem
795 898 933 957 omnibus
944 895 1008 957 lore
1016 914 1088 976 spo-

134 990 296 1073 pondisset.
335 992 388 1053 Sic
400 992 600 1073 redintegrata
612 994 755 1067 amicitie,
776 1015 844 1055 cum
857 993 934 1054 'lion
946 1004 978 1055 et
990 993 1089 1054 Ams-

94 1146 96 1149 .
132 1090 208 1149 stein
222 1090 261 1149 ab
276 1088 481 1170 Connaeoriga
494 1093 586 1151 teneri
604 1091 786 1163 didicissent,
800 1091 933 1152 Triarius
951 1092 981 1151 in
1002 1094 1090 1153 istem

132 1187 356 1269 nxpditicnem
378 1187 539 1270 proiectus,
560 1197 715 1271 utrumque
733 1188 887 1270 oppidum,
901 1201 991 1271 pecto
1004 1208 1090 1251 secu-

132 1305 200 1347 rum
213 1286 328 1347 abitum
342 1286 559 1365 Connacorige,
573 1286 656 1349 nullo
675 1288 793 1367 negotio
806 1287 928 1368 recepit.

175 1391 227 1445 16.
250 1384 334 1444 Inter
355 1384 420 1445 haee
438 1384 531 1445 Cotta
550 1388 685 1467 captivos
704 1385 966 1458 Heracleotarum,
984 1394 1017 1447 et
1038 1386 1090 1467 qui

133 1500 237 1543 eorum
247 1480 286 1541 ad
299 1502 330 1541 se
341 1480 542 1563 perfugerant,
553 1484 691 1553 retinens,
702 1482 863 1545 crudeliter
873 1492 905 1543 et
916 1502 1006 1544 svare
1016 1503 1090 1565 prse-

132 1580 269 1640 sentibus
281 1580 429 1650 utebatur,
441 1580 579 1641 omnibus
602 1581 732 1662 abreptis
753 1580 930 1662 templorum
948 1581 1091 1653 donariis,

133 1676 358 1757 simulacrisque
379 1677 542 1748 numinum,
565 1687 599 1739 ut
619 1698 674 1739 nec
695 1676 824 1739 Herculi
845 1688 1024 1760 parceretur,
1041 1680 1090 1739 cui
1119 1690 1210 1743 sustin.

134 1792 256 1835 sacram·
272 1775 375 1835 urbem
398 1795 494 1846 suam,
509 1783 540 1835 et
562 1776 592 1837 in
616 1776 697 1837 illius
714 1777 855 1837 honorem
874 1776 987 1839 oraculi
1004 1777 1091 1856 jussu
1104 1760 1196 1807 Μ’·

134 1871 288 1933 conditam
302 1870 515 1933 Heraclienses
527 1872 670 1934 lerebsnt.
697 1873 775 1954 Ejus
787 1872 915 1953 effigiem
928 1874 1096 1954 antiquitus.

135 1970 230 2031 talem
253 1978 421 2051 posuerant,
445 1979 479 2031 ut
511 1972 585 2031 nihil
609 1970 648 2031 ad
674 1991 819 2032 summam
842 1969 1091 2051 magnificentiam
1103 1986 1230 2039 Memnon·

136 2068 321 2147 pretiumque
335 2086 372 2127 ac
390 2066 639 2147 pulchritudinem
658 2068 804 2150 reliquum
817 2067 976 2129 videretur.
1018 2066 1096 2127 Cle-

136 2183 207 2223 vam
230 2164 408 2225 addiderant
428 2185 501 2225 auro
521 2166 623 2227 obrizo
642 2165 787 2227 solidam:
806 2174 839 2227 et
858 2186 896 2226 ex
914 2186 952 2225 eo
970 2163 1093 2224 metallo

135 2259 287 2321 leoninam
311 2261 459 2341 ingentem
481 2260 639 2335 finxerant,
661 2262 837 2345 plenamque
854 2262 970 2341 sagittis
986 2262 1093 2343 pbare-

135 2365 225 2419 uam.
268 2356 349 2419 Hac
366 2366 398 2419 et
410 2358 472 2421 alia
488 2378 556 2419 cum
570 2359 609 2420 ad
621 2378 712 2421 naves
724 2359 918 2441 deportasset,
932 2358 1016 2439 injici
1028 2367 1092 2419 tee-

135 2454 176 2513 tia
196 2454 293 2533 ignem
309 2456 417 2533 jussit;
439 2476 500 2536 quo
519 2455 668 2537 pleneque
689 2457 769 2517 urbis
784 2457 918 2535 regiones
929 2454 1093 2535 conflagra-

136 2559 216 2612 runt.
253 2550 319 2613 Hic
332 2550 390 2614 fuit
403 2550 611 2614 Heracliensis
622 2553 789 2615 obsidionis
798 2555 908 2627 exitus,
922 2552 1049 2615 alterum
1062 2552 1092 2613 in

137 2667 249 2708 annum
262 2657 431 2729 protractae.

179 2751 229 2808 17.
251 2745 355 2817 Cotta,
369 2746 464 2806 missis
476 2745 515 2806 ed
529 2745 700 2818 Lucullum,
715 2747 768 2829 qui
782 2747 889 2807 iterum
909 2747 940 2806 in
958 2745 1092 2807 Pontum

127 2844 288 2914 movebat,
301 2843 472 2904 cohortibus
484 2843 632 2925 aliisque³
655 2844 814 2917 Remmia
833 2845 1032 2926 permissoque
1045 2864 1094 2904 so·

136 2941 204 3012 ciis,
218 2949 253 3000 ut
264 2961 349 3002 suam
360 2941 486 3021 quisque
498 2943 529 3002 in
542 2944 669 3023 patriam
680 2950 904 3014 reverterentur,
917 2961 986 3002 curn
999 2939 1094 3002 classe

137 3035 271 3098 Romam
292 3037 420 3098 instituit
432 3039 496 3098 iter.
536 3037 597 3100 Sed
619 3059 687 3121 pars
706 3039 826 3099 narium
845 3059 935 3098 onere
956 3046 1093 3117 param,

136 3155 207 3195 cnm
220 3135 300 3196 haud
313 3135 416 3217 procul
431 3135 528 3197 littore
541 3138 739 3218 processisset,
751 3136 902 3197 subsedit:
924 3135 1000 3196 alias
1016 3133 1093 3194 dan-

136 3239 186 3292 tes
198 3231 274 3294 forte
287 3234 442 3314 aquilones
450 3235 480 3295 in
492 3235 594 3296 bravia
606 3234 823 3316 compulerunt,
835 3246 870 3295 ut
881 3232 979 3296 iacere
987 3235 1091 3313 jactu·

137 3348 203 3389 ram
218 3341 404 3410 cogerentur.

181 3433 233 3486 18.
254 3427 332 3488 (lum
355 3429 400 3489 ita
422 3429 555 3509 quotidie
572 3429 602 3489 in
620 3428 748 3489 deterius
766 3449 812 3489 res
827 3427 1015 3490 Mithridatis
1026 3446 1094 3487 rue·
1107 3437 1242 3492 Proetus

137 3515 218 3596 rent,
231 3533 329 3586 motus
340 3526 445 3586 iterum
458 3546 497 3586 ex
508 3526 588 3587 Asia
599 3526 752 3596 Lucullus,
762 3526 893 3587 validius
902 3547 954 3586 eas
966 3525 1094 3607 impulit,

138 3621 186 3681 ira
205 3641 325 3704 quoque
344 3625 512 3704 instigante,
526 3626 565 3686 ob
578 3625 719 3707 superbas
731 3623 870 3704 Tigranis
888 3624 998 3685 literas.
1041 3623 1095 3684 ld-

138 3719 233 3790 circo,
258 3727 414 3800 postquam
437 3723 543 3782 iterum
567 3723 597 3782 in
622 3721 758 3783 Pontum
778 3721 939 3803 irrupisset,
962 3721 1095 3801 Sinopen
1108 3737 1217 3802 Appius.

138 3815 270 3887 obsedit,
296 3816 487 3879 clarissimam
514 3818 709 3879 Ponticarum
735 3819 862 3890 urbium,
889 3837 979 3898 quam
1003 3825 1097 3899 caput
1123 3802 1263 3853 smb³¹¹⁶

139 3913 225 3990 regni
252 3911 455 3986 hiltbridates,
482 3924 568 3976 natus
594 3916 625 3975 in
649 3935 686 3976 ea
710 3923 742 3976 et
766 3915 921 3986 educatus,
944 3913 1094 3975 effecerat.
1107 3873 1236 3982 hiliis„

141 4008 314 4092 leucippus
333 4022 366 4072 et
387 4011 567 4073 cleochares
587 4012 680 4094 spado
701 4014 766 4073 urbi
787 4021 949 4094 praeerant3
972 4021 1095 4091 eratque
1109 3997 1227 4113 31¹5:ss
1235 3997 1261 4045 ⁸·

141 4107 297 4180 Seleucus,
311 4129 329 4168 a
341 4130 402 4190 quo
414 4120 518 4171 vectus
529 4109 713 4172 Heracleam
727 4130 780 4170 rex
792 4107 901 4181 fuerat,
914 4109 979 4190 pari
992 4117 1096 4170 aucto·
1228 4094 1236 4112 ⁰

139 4207 230 4268 ritate
244 4206 374 4269 additus.
416 4206 537 4268 Horum
552 4207 746 4288 leucippum,
760 4206 809 4267 die
823 4205 863 4266 ad
874 4205 1019 4288 populum
1031 4204 1096 4266 dic-

430 4422 446 4470 1
463 4417 575 4482 Alliaque
585 4415 646 4468 edd.
657 4421 717 4472 ante
728 4417 805 4468 cres.
