3300 5225
398 584 503 636 trani
527 585 988 656 numerumnunerum
1164 567 1252 635 4883

174 735 227 793 44.
249 727 355 790 Aliam
372 727 480 790 deinde
500 727 595 810 legem
611 729 779 802 Cornelius,
799 730 855 792 etsi
876 751 963 792 nemo
980 743 1087 812 repug-

132 846 205 888 nare
225 847 314 886 ansus
332 834 388 898 est,
404 826 562 888 multorum
580 835 679 888 nmen
690 828 810 900 ,offensa
829 828 910 901 tulit,
931 837 940 864 ‘
955 837 989 890 ut
1009 848 1086 909 prae·

130 932 214 986 tores
225 945 265 984 ex
278 924 384 985 edictis
396 923 457 984 suis
469 924 619 1005 perpetuis
633 926 686 1004 jus
698 924 849 987 dicerent:
859 927 868 955 '
881 946 950 1007 que
960 945 1006 986 res
1017 944 1085 1004 gra·

130 1022 207 1082 tiam
221 1021 386 1082 ambitiosis
397 1021 582 1102 praetoribus,
595 1022 648 1102 qui
659 1023 741 1084 varie
757 1025 810 1103 jus
823 1021 924 1082 dicere
936 1022 1085 1093 solebant,

130 1119 263 1179 sustulit.
314 1118 366 1178 Sic
389 1119 467 1178 eninr
490 1117 595 1178 eodem
618 1119 753 1180 omnibus
778 1119 867 1181 morlo
887 1121 941 1200 jus
963 1119 1086 1181 reddere

131 1215 326 1296 cogebantur,
341 1215 415 1276 alias
434 1216 543 1295 insigni
562 1215 748 1299 nefandoque
761 1217 882 1290 scelere,
902 1228 991 1299 prout
1002 1218 1086 1279 iave-

130 1312 206 1372 bant
217 1314 466 1374 succensebantve
486 1313 680 1392 litigantibus,
700 1315 788 1376 aliter
806 1325 896 1396 etque
913 1315 1000 1376 aliter
1017 1335 1086 1398 pro·
1097 1326 1160 1378 Dio.

132 1406 267 1470 nuntiare
279 1410 370 1470 soliti.
411 1408 502 1470 Alias
513 1425 632 1492 quoque
644 1412 811 1494 complures
831 1413 912 1492 leges
928 1394 1189 1476 Corneliurm

131 1507 342 1587 promulgavit,
356 1507 463 1588 quibus
482 1507 616 1589 plerique
631 1509 754 1588 collegae
773 1511 1012 1570 intercesserunt:
1033 1531 1088 1592 per

132 1625 208 1685 quas
220 1606 422 1666 contentiones
434 1614 515 1666 totus
527 1606 695 1666 tribunatus
707 1609 773 1687 ejus
786 1615 924 1688 peractus
936 1615 991 1668 est.

134 1773 139 1782 ,
172 1709 223 1763 45.
244 1702 390 1764 Ambitus
404 1701 522 1781 judicio
544 1703 694 1784 provisum
713 1712 790 1775 erat,
810 1724 849 1765 ne
865 1702 958 1784 vulgo
977 1705 1086 1784 magis-

131 1807 227 1860 tratus
238 1799 316 1860 male
328 1807 513 1882 caperentur.
550 1799 600 1862 Ea
612 1821 658 1862 res
669 1801 815 1863 excitavit
826 1802 1020 1863 attentionem
1031 1802 1085 1862 bo-
1097 1800 1157 1856 Dio·

130 1899 254 1970 minum,
275 1906 310 1958 ut
328 1897 429 1968 etiam,
450 1917 487 1957 ne
510 1897 588 1958 male
607 1907 786 1976 gererentur,
803 1899 965 1978 exigerent.
1008 1898 1086 1962 Ideo
1139 1970 1144 1979 g

130 1995 188 2054 sub
204 1994 236 2055 id
256 2001 373 2075 tempus
392 1994 469 2055 adeo
489 2013 589 2055 severe
609 2003 677 2054 sunt
695 1995 837 2055 exercitae
855 1995 1085 2076 repetundarum

131 2090 223 2171 leges,
252 2100 287 2152 ut
308 2101 415 2174 preter
434 2093 591 2152 noxiorum
613 2111 727 2172 poenas,
750 2091 843 2152 etism
865 2094 1086 2154 accusatoribus

130 2189 256 2268 prremia
266 2189 501 2250 decernerentur.
544 2188 644 2248 Carbo
661 2187 811 2268 equidem,
831 2187 879 2248 Μ.
894 2188 988 2249 cotta
999 2188 1086 2250 dam·

130 2293 214 2358 nato,
228 2284 478 2365 quemadmodum
490 2304 638 2366 exponere
657 2305 709 2365 per
729 2285 914 2345 occasionem
927 2287 1086 2367 occupavi-

130 2401 209 2454 mus,
232 2381 304 2443 licet
320 2381 419 2442 adbuc
436 2381 607 2442 tribunitius
623 2389 711 2452 esset,
732 2380 937 2442 consularibus
953 2382 1087 2462 insigniis

130 2487 178 2538 est
189 2477 355 2542 decoratus.
397 2478 445 2541 At
467 2477 546 2539 idem
566 2487 672 2560 postea
690 2499 758 2540 cum
772 2477 898 2539 eandem
910 2480 1087 2541 obtinuisset

132 2575 321 2659 Bithyniam,
346 2597 386 2637 ax
408 2595 470 2659 qna
489 2574 614 2637 Cottam
638 2576 844 2648 damnaverat,
865 2576 904 2637 ab
923 2579 989 2658 ejus
1008 2578 1083 2651 filio,
1112 2599 1248 2654 mnu,

130 2694 192 2755 quo
213 2675 238 2734 is
258 2674 308 2735 die
328 2682 426 2735 sumta
448 2673 527 2735 virili
549 2682 620 2754 toga
639 2673 677 2735 de
703 2673 857 2756 capitolio
879 2672 1084 2748 descenderat,
1095 2683 1120 2716 v.
1131 2672 1171 2718 ¹⁴·

122 2773 245 2852 judicio
261 2770 388 2833 afflictus
404 2779 459 2833 est.

171 2876 222 2933 46.
245 2869 342 2949 Igitur
356 2868 391 2930 L.
408 2868 563 2943 Lucullus,
575 2888 645 2931 cum
657 2889 696 2930 ex
711 2870 825 2932 urbana
837 2880 966 2953 praetura
979 2870 1084 2933 Sardi·
1096 2880 1155 2933 Dio.

129 2966 212 3029 niam
233 2976 312 3029 asset
332 2968 464 3040 sortitus,
487 2968 528 3028 ire
548 2967 578 3027 in
601 2967 782 3048 provinciam
803 2969 910 3041 noluit,
926 2979 1086 3051 propterea

129 3065 213 3147 quod
230 3067 406 3147 participem
429 3086 461 3126 se
480 3065 611 3145 negabat
627 3064 758 3126 murrum
780 3065 921 3139 infamiae,
942 3088 1004 3149 qua
1019 3076 1084 3127 tuan

129 3164 172 3225 ob
189 3163 346 3225 avaritiam
364 3172 397 3224 et
416 3153 538 3245 rapinas*
558 3162 692 3243 plerique
715 3170 845 3225 rectores
864 3164 1085 3245 provinciarum
1115 3224 1120 3233 ,

128 3260 317 3321 laborabant.
360 3260 437 3321 Erat
456 3260 536 3319 enim
555 3260 601 3319 vir
613 3258 739 3339 justius
759 3278 874 3333 amans,
895 3269 928 3321 et
943 3269 1081 3323 wuston·

128 3358 170 3419 tis
194 3357 315 3435 ingenii,
338 3358 427 3436 cujus
448 3356 479 3415 in
502 3363 630 3436 praetura
652 3374 707 3415 sua
732 3355 848 3416 clarum
873 3355 1083 3418 documentum

127 3454 273 3515 ediderat.
309 3454 388 3515 Cum
402 3454 482 3515 enim
495 3451 601 3513 sellam
613 3453 680 3531 ejus
691 3452 837 3532 confringi
847 3453 951 3514 consul
963 3453 1086 3516 Acilius

122 3552 271 3633 jussisset,
298 3552 349 3613 cai
373 3550 449 3611 forte
474 3550 661 3633 praetereunti
687 3568 745 3609 non
772 3559 982 3637 assumerent,
1008 3550 1085 3611 nibil

126 3658 294 3711 commotus
305 3658 362 3722 est,
375 3656 407 3709 et
425 3646 534 3708 deinde
555 3654 636 3707 stans
650 3648 704 3727 jus
715 3646 812 3709 dixit:
833 3646 974 3729 idemque
992 3647 1084 3709 ceteri

125 3756 269 3830 praetores
281 3754 317 3806 ut
326 3745 471 3818 iacerent,
485 3744 589 3805 honori
601 3746 667 3824 ejus
682 3745 859 3806 tribuerunt.

168 3850 221 3908 47.
243 3841 328 3904 Inter
344 3843 408 3903 brec
427 3842 459 3902 in
480 3838 573 3901 Creta
592 3839 636 3908 Q.
651 3840 795 3901 Metellus
807 3859 878 3902 cnm
891 3840 1084 3902 Cretensibus
1093 3851 1248 3918 rratrrup·

124 3939 216 4025 simul
232 3940 393 4022 piratisque
418 3936 591 4009 dimicabat,
612 3935 664 4015 qui
683 3946 888 4017 oppresserant
902 3945 1017 4018 partem
1036 3938 1082 3998 in·

124 4037 213 4109 snlae,
224 4036 406 4116 alteramque
419 4052 506 4095 exea
519 4042 586 4115 post
596 4031 736 4093 Ciliciam
748 4032 969 4093 latrociniorum
982 4052 1082 4105 arcem

127 4114 276 4205 fecerant,
288 4132 421 4213 pluribus
433 4150 472 4190 ea
483 4148 573 4191 causa
586 4128 719 4192 castellis
738 4150 791 4211 per
809 4128 935 4190 insulam
947 4137 1082 4191 exsusc-

126 4366 236 4419 Asconii
257 4365 346 4417 verbs.
390 4362 584 4416 Freinshemius
618 4360 1081 4428 lctoutrobrcureetparnmadrarn

126 4432 241 4486 dederat
252 4432 293 4498 qai
305 4431 389 4497 prede
401 4430 540 4497 gratificari
550 4444 588 4481 ro-
623 4428 754 4497 rpposite.
773 4430 846 4482 crte.
