3300 5225
400 560 489 628 ⁴506
878 576 913 623 τ.
938 574 1034 625 uuvrr

561 716 663 797 vulgo,
676 717 926 779 etauctoritatem
945 720 1130 800 quaesiremt.
1175 718 1237 779 His
1254 718 1305 779 ille
1323 718 1427 791 fretus¹
1445 738 1514 781 cnm

397 816 510 931 Smin
561 813 703 875 sedilitius
720 823 809 887 emet,
829 814 938 875 omisa
959 822 1088 897 praetura
1109 816 1294 877 consulemus
1317 816 1430 877 ambire
1455 836 1515 879 cte·

473 916 481 934 ⁸
560 919 653 992 peret

413 1010 467 1061 cie.
478 1008 548 1059 Bmt.
587 1014 638 1070 48.
649 1005 830 1069 Sedtribuui
841 1008 946 1090 plebis,
955 1008 996 1069 P.
1004 1008 1346 1091 Sulpicius,quanquam
1359 1008 1515 1071 familiaris

396 1074 547 1205 ἓξὲξ
559 1102 697 1175 Omnis,
710 1112 741 1164 et
753 1104 796 1166 P.
811 1105 974 1176 Antistius,
990 1105 1254 1169 extraordinnriam
1273 1105 1446 1187 petitionem
1467 1126 1513 1167 re·

394 1220 417 1253 e.
430 1208 472 1254 ao.
557 1198 705 1261 tutabant
729 1199 841 1261 Iisdem
852 1201 890 1261 0.
906 1202 1022 1262 Marius
1031 1220 1063 1263 se
1076 1212 1309 1281 aggregnmret:
1323 1222 1440 1263 namex
1451 1202 1514 1263 dis-

394 1266 668 1385 ,fflff‘lcipliia
691 1296 809 1358 illomm
831 1306 1007 1379 temporum,
1032 1300 1235 1361 contentiones
1258 1300 1288 1359 in
1307 1299 1465 1381 republica
1481 1304 1512 1363 ri

394 1398 486 1449 Ancon.
555 1393 647 1454 ferme
659 1395 791 1456 etarmis
801 1394 1023 1457 dirimebantur.
1065 1395 1184 1459 Idcirco
1192 1384 1294 1457 divisis
1303 1397 1386 1475 vulgi
1405 1398 1513 1459 stridiis

555 1511 670 1571 magnae
682 1512 722 1552 ex
741 1492 799 1555 bac
810 1512 902 1553 causa
913 1493 1071 1555 seditiones
1082 1496 1253 1555 extitemnt.
1296 1492 1371 1555 ‘lus
1387 1496 1491 1576 populi
1504 1500 1513 1525 ’

556 1588 659 1658 (lm
677 1588 856 1661 extollebat,
872 1599 903 1650 et
924 1600 997 1670 ‘pro
1011 1610 1048 1651 eo
1069 1600 1203 1651 senatum
1211 1590 1374 1669 judicasse,
1388 1612 1459 1653 cnm
1472 1592 1510 1653 T.

407 1683 475 1733 ΡΜ·
556 1685 715 1753 Quintium
735 1685 935 1748 Flamininum
962 1686 1009 1749 Μ.
1033 1688 1167 1760 Fulvius,
1188 1688 1245 1749 Μ’.
1267 1688 1376 1749 Curius
1397 1690 1510 1751 tribuni

391 1748 534 1864 Ψ
554 1781 661 1863 prebe,
677 1782 812 1845 emetita
830 1785 1016 1845 ιιιιιιιιιιι
1034 1786 1209 1847 emmeno
1225 1786 1332 1847 moun
1348 1786 1511 1847 mousom

391 1881 514 1933 nunt.
552 1889 723 1961 peterenon
736 1890 915 1963 paterentur.
958 1880 1069 1962 Neque
1088 1883 1256 1963 ponituime
1276 1892 1330 1943 aut
1340 1883 1451 1961 judieii
1463 1886 1508 1945 sui

551 1988 662 2057 patres,
682 1988 736 2040 aut
750 1978 956 2057 suffragiorum
970 1978 1123 2060 populum.
1136 2000 1205 2041 cum
1217 1980 1322 2061 paucis
1333 1982 1420 2041 aunis
1432 1992 1508 2061 op'u·

551 2075 745 2139 lentissimum
766 2076 956 2141 Macedonica
974 2098 1083 2156 regem,
1102 2077 1186 2139 sortis
1205 2078 1311 2158 siquis
1331 2098 1464 2160 unquam
1477 2090 1508 2141 et

549 2175 624 2236 felix
636 2177 806 2257 imperator,
818 2176 952 2236 meximo
963 2174 1096 2237 Romani
1111 2177 1190 2256 juris
1207 2178 1399 2250 incremento,
1414 2199 1506 2261 supe-

550 2282 651 2336 mesot.
684 2272 795 2353 Neque
809 2282 907 2333 tamen
921 2281 974 2332 aut
986 2282 1074 2333 etate
1088 2292 1190 2354 parem
1202 2275 1259 2334 sibi
1267 2275 1441 2347 Quintium,
1455 2288 1508 2338 sut

549 2390 640 2433 causa
649 2370 753 2431 tuisse:
774 2391 805 2429 se
819 2368 964 2431 mdilitate
976 2368 1111 2433 functum
1120 2370 1204 2445 olim,
1213 2371 1298 2432 illum
1307 2391 1347 2433 ex
1356 2382 1508 2453 questum

550 2470 658 2549 petisse
669 2468 868 2529 consulatum.

589 2572 641 2626 44.
663 2565 767 2634 ‘Quin
780 2572 814 2628 et
825 2564 993 2636 nonnullos,
1008 2566 1177 2646 priusquam
1191 2566 1395 2646 magistratum
1408 2566 1504 2629 ullum

397 2675 527 2729 liene.
548 2663 681 2725 cumlem
707 2664 874 2743 genuissent,
898 2663 1033 2724 consules
1054 2663 1158 2724 lectos
1201 2663 1254 2724 Ita
1273 2663 1314 2724 P.
1337 2662 1506 2744 Sulpicium

385 2745 468 2859 ⁴¹·m·
480 2813 522 2860 η
550 2761 695 2834 Galbam,
710 2782 779 2824 cnm
794 2764 825 2822 in
843 2761 937 2822 ltalia
951 2760 1110 2821 Hannibal
1123 2769 1210 2832 esset,
1230 2761 1274 2822 ita
1287 2761 1335 2820 M.
1345 2759 1505 2822 Valerium

549 2858 692 2930 corvum,
704 2878 772 2919 cunr
786 2857 915 2918 Gallicis
927 2857 1103 2918 tumultibus
1112 2857 1249 2918 arderent
1257 2858 1368 2929 omnia,
1382 2860 1507 2919 summis

547 2955 708 3016 bonoribus
728 2955 864 3017 admotos
871 2977 880 3025 ;
902 2955 981 3015 hunc
1001 2954 1121 3034 quidem
1144 2953 1304 3038 admodum
1329 2952 1505 3015 adolescen-

547 3061 625 3112 tem:
646 3053 723 3112 adeo
742 3052 816 3112 nihil
835 3053 865 3113 in
886 3051 1053 3112 candidatis
1073 3060 1179 3132 praeter
1198 3051 1339 3112 virtutem
1361 3053 1504 3132 spectari,

546 3145 658 3232 populo
670 3149 811 3211 Romano
821 3170 937 3231 semper
951 3149 1105 3230 placuisse.
1136 3149 1254 3210 Idcirco
1267 3157 1370 3231 postes
1382 3170 1503 3232 quoque
1516 3163 1518 3166 '

545 3247 620 3308 duos
645 3246 810 3329 Scipiones,
830 3246 958 3308 alterum
976 3247 1090 3325 magnis
1110 3247 1231 3327 quidem
1250 3248 1347 3318 rebus,
1363 3248 1417 3308 scd
1438 3250 1502 3311 aine

399 3346 455 3398 Liv.
545 3346 716 3424 magistratu
729 3346 837 3424 gestis3
860 3342 984 3404 alterum
999 3363 1055 3402 nou
1067 3343 1233 3415 aedilitiunr,
1244 3343 1296 3403 sed
1306 3344 1502 3406 candidatum

247 3430 252 3438 .
382 3418 533 3546 ³:¹11qu
545 3442 707 3513 ulpium,
720 3442 760 3503 ul
774 3441 853 3502 idem
866 3439 1015 3520 festigium
1027 3449 1157 3501 evectos.

584 3547 634 3601 45.
656 3541 792 3620 ‘Magna
802 3561 835 3600 se
848 3537 968 3620 quidem
982 3537 1087 3598 afferre
1100 3537 1250 3620 exempla,
1266 3539 1319 3600 sed
1331 3559 1432 3599 eorum
1445 3541 1500 3620 qui

543 3647 607 3699 tum
619 3637 739 3702 demum
750 3636 903 3719 explicare
916 3637 1056 3698 virtutem
1069 3637 1158 3696 autimi
1169 3637 1327 3717 potuerint,
1339 3645 1499 3718 postquam

541 3756 680 3817 campum
687 3737 757 3818 ipsis
765 3736 869 3815 gloriae
881 3734 1036 3795 consulare
1049 3755 1153 3796 nomen
1167 3735 1380 3816 imperiumque
1391 3755 1506 3815 epatu.

543 3835 623 3895 isset.
665 3834 732 3894 Sibi
750 3853 870 3914 quoque
885 3831 974 3894 licere
987 3831 1025 3892 de
1037 3833 1099 3891 suis
1111 3832 1198 3892 rebus
1208 3830 1497 3913 sperare-ampliter:

543 3930 684 4013 laudique
705 3932 804 4015 potius
829 3951 918 4012 quam
944 3931 1018 3991 vitio
1041 3928 1226 4002 vertendum,
1249 3929 1274 3990 si
1300 3931 1498 3992 maximorum

541 4027 670 4086 virorum
685 4026 815 4086 imitator
826 4045 888 4084 esse
905 4024 1018 4104 cupiat.
1061 4021 1134 4082 Esse
1150 4023 1206 4082 sibi
1219 4023 1406 4084 nobilitatem
1420 4021 1500 4083 nulli

542 4124 673 4202 gentium
691 4143 766 4202 quas
784 4123 962 4182 nominasset
979 4121 1141 4202 imparem:
1163 4141 1261 4201 neque
1273 4141 1408 4185 recusare
1422 4123 1497 4201 quin

541 4240 609 4280 cum
632 4217 767 4300 quolibet
787 4220 918 4290 istomm,
940 4215 992 4279 sed
1011 4217 1141 4280 nondum
1162 4216 1295 4288 consule,
1315 4217 1496 4280 conferatur.

541 4315 639 4377 Actes
651 4316 762 4398 populo
775 4315 916 4376 Romano
927 4335 991 4376 esse
1003 4316 1116 4387 oculos,
1130 4325 1234 4376 acutos
1246 4335 1347 4376 aures:
1368 4336 1496 4397 quomo-

539 4414 580 4474 do
593 4415 676 4476 domi
684 4435 717 4475 se
728 4415 864 4496 quisque,
877 4413 1024 4495 quomodo
1037 4413 1151 4476 militiae
1163 4417 1292 4496 gesserit,
1306 4414 1495 4494 diligentiam
