3300 5225
380 600 486 651 trent
513 598 641 651 mxx,
663 597 991 649 sternumentum

147 743 229 825 quod
252 744 391 827 privatim
412 744 534 825 quisque
552 744 693 815 continet,
713 742 894 803 dimetiendo
911 742 1101 809 frumentum,

147 841 313 902 emittenda
325 840 422 901 inutili
434 842 533 913 turba',
545 862 624 923 saepe
637 841 761 921 quaesita
774 848 948 922 repertaque
960 847 1007 899 est
1019 858 1102 899 aver·

147 938 232 999 tendi
244 950 411 1000 extremum
423 941 548 1000 exitium
560 938 775 1020 opportunitas.
818 937 959 1017 Denique
977 938 1035 997 lroc
1056 937 1101 1017 ip-

147 1057 213 1096 sum
234 1036 418 1119 Capitolium
433 1036 527 1097 teneri
544 1047 647 1097 contra
663 1036 771 1096 Gallos
789 1036 980 1116 nequivisset,
998 1034 1023 1093 si
1039 1042 1103 1094 tam

148 1134 250 1195 mollis
262 1134 402 1195 adversus
410 1134 519 1195 laniem
530 1133 584 1194 ills
594 1142 681 1195 etate
692 1133 795 1193 luisset
802 1132 943 1193 Romana
949 1134 1102 1211 juventus.

189 1238 241 1297 17.
263 1240 272 1267 ⁴
286 1230 348 1292 Sed
363 1252 454 1302 nunc,
467 1232 561 1303 aiunt,
578 1251 636 1292 non
650 1242 697 1292 est
708 1252 754 1291 ras
764 1250 833 1291 curn
845 1228 966 1289 Gallia:
987 1227 1104 1289 Mariua

148 1340 180 1390 et
194 1329 294 1389 Cinna
307 1338 375 1389 aute
388 1337 488 1410 portas
500 1339 579 1400 sunt,
592 1337 623 1389 ct
633 1329 735 1401 ceteri,
748 1330 801 1409 qui
811 1326 952 1388 videlicet
962 1326 1103 1387 Romano

147 1426 292 1505 sanguine
300 1426 369 1497 orti,
381 1428 523 1507 pietatem
535 1428 638 1506 patriae
649 1425 841 1507 praestabunt,
851 1424 968 1485 civibus
975 1425 1103 1496 veniam,

149 1522 247 1603 pectis
259 1521 360 1582 iidem.
403 1522 469 1582 Hei
487 1522 559 1581 milri
571 1542 662 1602 quam
671 1522 808 1583 celeriter
818 1521 971 1602 poenitebit
982 1541 1036 1581 vos
1048 1521 1103 1580 hu-

144 1622 200 1699 jus
214 1618 372 1701 opinionis,
390 1618 567 1699 simulatque
583 1619 688 1679 horum
701 1618 730 1677 in
745 1626 892 1699 potestate
903 1632 1027 1698 corpora
1038 1638 1103 1677 ves·

149 1726 208 1787 trs,
218 1718 450 1796 conjugumque,
462 1724 494 1776 et
507 1715 677 1787 liberorum,
685 1714 791 1774 erunt!
835 1713 947 1794 Neque
958 1714 1029 1773 milri
1040 1714 1104 1775 haec

149 1814 286 1892 ignorare
305 1823 358 1873 eut
374 1818 560 1874 contemnere
575 1811 726 1883 videmini,
744 1810 797 1871 sed
813 1810 902 1871 taedio
915 1812 1105 1891 presentium

149 1910 301 1991 quidlibet
322 1911 423 1971 malle.
466 1910 527 1970 Sed
550 1911 606 1970 hoc
628 1910 711 1991 parvi
729 1908 896 1988 infirmique
911 1910 1002 1969 animi
1018 1929 1104 1989 argu-

150 2018 284 2068 mentum
294 2017 350 2079 est,
365 2028 460 2089 neque
473 2007 549 2067 lerre
562 2006 766 2088 nolentisque
776 2006 894 2078 adsunt,
908 2027 1003 2088 nequa
1016 2006 1104 2067 dura·

149 2104 211 2165 turi
224 2106 257 2164 in
269 2106 307 2165 iis
319 2125 387 2185 quae
397 2104 529 2183 elegerit.

193 2207 245 2261 18.
268 2210 277 2237 ‘
293 2201 412 2267 Quibus
424 2211 524 2262 autem
537 2201 614 2263 lorte
635 2201 786 2262 decretum
805 2210 852 2262 est
868 2202 968 2263 omnia
983 2223 1037 2283 pro
1049 2222 1104 2283 pa-

150 2300 210 2358 tris
222 2300 299 2380 pati,
313 2318 367 2379 pro
384 2298 463 2359 hac²
482 2318 555 2380 opes
566 2298 757 2379 fortunasque
770 2319 849 2369 suas,
869 2319 922 2380 pro
943 2300 1000 2359 lrsc
1019 2301 1103 2380 spiri-

150 2404 217 2455 tum
234 2404 324 2475 atque
342 2396 435 2456 vitam
455 2392 643 2477 profundere,
667 2397 775 2456 rectius
792 2416 862 2456 cum
883 2374 1106 2456 ad⁸utilitatem

152 2493 355 2574 praesentium,
368 2502 432 2553 tum
444 2491 484 2551 ad
502 2492 612 2553 lamam
633 2492 814 2574 posteritatis
828 2492 948 2563 facient,
969 2494 995 2552 si
1007 2494 1107 2574 potius

152 2588 310 2651 intuenda
321 2590 442 2650 civitate
456 2590 577 2670 dignam
590 2590 661 2652 viris
678 2600 802 2652 mortem
824 2592 946 2662 obeant,
967 2610 1059 2672 quam
1081 2593 1107 2652 ai

150 2687 274 2748 deserta
285 2688 466 2769 traditaque,
481 2698 673 2770 tyrannomnr
687 2689 808 2749 arbitrio
828 2693 881 2750 aut
893 2709 961 2749 cum
973 2691 1107 2750 cruciatu

152 2785 312 2857 intereant,
326 2795 377 2846 aut
397 2807 464 2847 eum
486 2787 647 2866 ignominis
658 2789 771 2848 vivant.
815 2786 929 2867 Magna
941 2788 987 2848 vis
1005 2796 1050 2846 est
1061 2786 1108 2847 ¹ad

153 2883 295 2943 audenda
307 2883 459 2964 quaelibet,
473 2886 564 2946 etism
578 2883 700 2963 singulis
712 2893 744 2945 et
756 2887 913 2946 contemtis
929 2885 1107 2957 hominibus,

151 2981 177 3041 sl
192 2981 283 3041 semel
302 2981 498 3061 cupiditatem
511 2982 676 3062 objecerint
687 2983 775 3044 vite:
797 2983 906 3042 multos
918 2992 1007 3064 atque
1024 3005 1107 3062 egre-

152 3077 219 3156 glos
231 3079 310 3139 viros
321 3080 429 3160 quibus
440 3099 477 3139 ea
490 3082 565 3141 rstio
576 3081 734 3161 plscuerit,
749 3100 785 3142 ua
794 3081 943 3142 destinata
954 3101 1108 3163 exequan-

152 3185 205 3235 tur
218 3177 270 3236 rix
281 3175 345 3236 ulls
355 3177 489 3256 potentis
500 3178 572 3237 satis
584 3186 693 3238 arceat.

193 3279 247 3335 19.
270 3284 278 3310 ¹
295 3273 411 3334 Omitto
424 3274 587 3348 Scaevolas,
601 3283 632 3336 et
646 3273 789 3347 Coclites,
814 3285 846 3335 et
867 3273 998 3347 Curtios,
1020 3284 1052 3338 et
1063 3287 1109 3337 tot

154 3367 269 3429 decora
289 3373 418 3442 nomina,
440 3387 507 3452 quae
529 3371 630 3431 liberis
648 3372 753 3432 vestris
771 3373 920 3433 inculcare
939 3373 1051 3445 soletis,
1075 3383 1108 3434 ut

153 3466 263 3526 horum
282 3467 421 3547 exemplo
442 3487 541 3528 amare
564 3469 691 3549 patriam
710 3469 835 3530 discant.
884 3468 1110 3530 Meminerimus

152 3583 339 3644 eorumquae
352 3563 479 3626 vidimus
491 3567 549 3647 ipsi
562 3586 569 3624 :
592 3565 700 3626 multas
713 3587 792 3647 saepe
805 3567 903 3638 urbes,
918 3587 988 3627 curn
1000 3568 1041 3627 ad
1054 3588 1108 3627 ex·

152 3671 283 3720 tremum
296 3663 479 3722 necessitatis
491 3663 647 3735 venissent,
661 3665 830 3724 constantia
842 3663 1027 3725 defensorum
1049 3684 1108 3724 ser·

153 3765 263 3827 vatam
286 3758 361 3818 alias
371 3779 439 3818 cum
452 3761 561 3820 servari
576 3762 748 3842 potuissent,
764 3760 889 3821 mollitie
902 3762 1012 3822 civium
1024 3761 1110 3822 dedi·

154 3863 214 3926 tus,
229 3856 395 3916 tristissima
415 3877 540 3938 queque
565 3878 666 3939 passas
685 3879 759 3918 esse.
801 3858 880 3919 Sunt
902 3860 990 3919 nobis
1012 3857 1110 3919 adhuc

153 3950 285 4011 militnm
298 3950 519 4014 fortissimorum
539 3953 833 4035 fidelissimorumque
846 3955 926 4015 lraud
939 3955 1110 4036 spemeudae

51 4091 54 4094 -
153 4049 276 4129 copiae:
297 4057 342 4109 est
361 4049 465 4110 melior
485 4051 550 4111 luec
568 4061 600 4111 et
619 4052 766 4112 ementior
784 4053 889 4134 patriae
905 4073 973 4133 pars
985 4051 1109 4132 populi:

153 4165 240 4206 arma
263 4146 464 4228 machinaeque
484 4157 661 4228 supersunt:
684 4149 754 4208 urbs
771 4149 926 4229 diligentia
945 4148 1110 4222 consulum,

152 4242 260 4324 quoad
272 4241 336 4303 fieri
350 4246 458 4325 potuit,
473 4246 585 4306 munita
599 4255 653 4306 est.

187 4470 204 4514 2
216 4467 267 4516 Pro
277 4467 320 4516 troc
331 4473 393 4517 ante
404 4483 466 4534 opes,
476 4477 504 4520 et
516 4469 593 4534 paulo
605 4465 652 4519 inf.
666 4476 726 4521 aute
739 4468 1041 4535 sperandasperanda
1051 4467 1111 4520 edd.

154 4547 241 4598 nsque
254 4533 287 4583 ad
300 4535 377 4584 Creu.
484 4531 490 4560 ⁵

1175 575 1262 643 4587
