3300 5225
374 584 479 635 nrnnr
505 584 633 635 nxxx.
655 583 1005 666 tunrmrnruunnu.¹
1144 574 1234 642 4595

121 730 253 809 indigna,
275 728 404 789 maxime
427 747 447 787 a
468 728 570 800 servis,
591 728 848 811 perpetrabantur.
890 727 1002 810 Neque
1016 730 1072 812 ipsi
1101 743 1235 796 Ptntttn.

120 830 198 889 inter
206 846 239 887 se
251 824 383 886 nedibus
395 834 484 907 atque
495 825 607 908 rapinis
618 825 751 887 seditiosi
763 826 961 887 abstinebant.
1084 810 1203 940 ffffi‘·

159 931 213 985 43.
233 922 394 984 Interbaec
408 923 622 1005 publicationes
639 924 782 985 bonorum
795 924 1026 996 assiduaeerant,
1040 932 1074 985 et
1126 891 1143 941 p
1184 909 1192 926 ⁶

120 1022 347 1101 magistratuum
371 1029 478 1083 concta
499 1020 662 1093 abdicatio,
687 1019 941 1105 syllabarumque
960 1024 1074 1085 eversio

119 1118 232 1198 legum,
245 1128 278 1179 et
289 1118 449 1179 amiantum
461 1119 537 1197 ejus,
555 1128 702 1201 quotquot
721 1119 835 1201 corripi
846 1128 1013 1201 potuerant,
1026 1121 1073 1180 iu·

119 1216 261 1276 ternecio.
304 1214 433 1277 Metella
453 1236 571 1298 quoque
595 1236 670 1277 uxor
689 1236 757 1277 cum
781 1216 884 1277 liberis
904 1216 1000 1298 Syne
1019 1218 1073 1279 vix
1100 1238 1236 1307 mamyri,

120 1311 476 1395 effugeruntperioulum,
489 1332 558 1374 cum
571 1311 675 1373 domus
687 1314 753 1391 ejus
765 1322 857 1395 atque
878 1312 961 1375 ville
973 1314 1072 1375 incen-
1084 1310 1160 1357 Ν·
1317 1390 1323 1398 ‚

119 1405 173 1467 din
184 1406 365 1467 delerentur.
407 1404 481 1467 Hoc
501 1414 634 1488 tempore
650 1405 776 1469 mirifice
795 1426 868 1468 sene
889 1406 993 1489 populi
1006 1406 1073 1468 Ro·
1085 1420 1238 1486 spppnot.

119 1502 201 1565 mani
213 1504 394 1565 abstinentia
411 1502 478 1563 fuit.
521 1503 599 1563 (lum
611 1504 690 1564 enim
702 1505 870 1565 occisorum
882 1504 986 1565 domos
998 1524 1074 1587 prur-
1101 1518 1237 1571 vetunt

120 1598 170 1661 de
196 1600 394 1663 multitudinis
417 1593 621 1683 exposuissent
651 1602 788 1673 victores,
814 1610 926 1683 nogant
949 1602 1075 1662 inveniri
1087 1589 1181 1673 Μ’,

120 1716 291 1780 quenquam
305 1698 396 1781 paulo
407 1698 607 1759 honestiorum
627 1698 737 1760 civium
758 1700 898 1781 potuisse,
912 1698 966 1782 qni
979 1698 1073 1759 ullam
1087 1661 1224 1779 ,ξῗξὲὼ

120 1814 160 1854 ex
172 1796 221 1855 bis
232 1804 428 1878 remcuperet
439 1795 594 1875 attingere.

161 1899 214 1955 44.
238 1891 318 1953 Post
337 1900 383 1953 tot
399 1892 490 1964 male,
511 1900 653 1973 tanquam
666 1911 703 1953 eo
715 1910 812 1951 rerum
824 1898 904 1953 statu
917 1890 1034 1972 legibus
1045 1894 1076 1953 in
1087 1890 1240 1958 Art-W·

119 1988 245 2051 civitate
257 1998 334 2051 esset
353 1990 447 2062 locus,
472 1988 507 2051 L.
522 1989 645 2050 Merula
661 2000 692 2051 et
713 1990 755 2056 Q.
770 1988 899 2049 Catulus
910 1992 1078 2051 subornatis

120 2088 344 2148 accusatoribus
356 2088 398 2149 rei
410 2086 496 2149 fiunt.
539 2086 688 2149 Merulam
707 2096 828 2169 propter
846 2087 992 2161 ablatum,
1005 2087 1077 2151 linet

122 2184 207 2245 nullo
228 2186 355 2259 ambitu,
376 2186 516 2246 bonorem
534 2183 635 2245 Cinna
651 2183 769 2246 oderat:
793 2185 836 2252 Q.
851 2183 964 2245 Catulo
985 2186 1077 2248 irema

120 2290 187 2343 erat
208 2280 337 2355 Murius,
360 2284 446 2362 quasi
467 2281 618 2343 Cimbrico
641 2282 722 2343 bello
741 2289 886 2355 servatus,
899 2282 1010 2343 malam
1023 2305 1077 2365 pro

121 2376 270 2438 beneficio
287 2379 412 2457 gratiam
430 2377 587 2451 retulinet,
607 2378 692 2439 exilii
714 2378 760 2439 sui
783 2379 941 2439 acerrimus
964 2390 1076 2441 auctor.

122 2474 185 2535 Sed
201 2474 364 2537 ludibrium
385 2474 465 2537 istud
472 2475 654 2557 judiciorum
668 2477 756 2537 ambo
775 2474 942 2556 dedignati,
955 2487 1076 2560 sponta-

121 2594 180 2635 nea
199 2582 296 2636 morte
319 2573 413 2636 functi
436 2582 514 2636 sunt.
556 2573 677 2635 Merula
699 2572 836 2656 deposito
859 2574 957 2656 apice,
978 2575 1077 2658 (quod

121 2674 277 2754 apicatum
292 2673 459 2734 Flaminem
470 2672 546 2734 mori
558 2672 640 2733 triste
658 2679 690 2732 et
701 2672 919 2753 inauspicatum
933 2672 1012 2734 Urbi
1025 2674 1079 2734 ba·

121 2773 278 2849 bebatur,)
297 2770 388 2852 idque
405 2791 437 2832 ee
460 2770 566 2832 secisse
586 2769 696 2851 scripto
715 2777 852 2840 testatus,
867 2769 975 2851 inipso
993 2770 1081 2831 Jovis
1107 2787 1245 2840 matu.

119 2870 254 2930 nuntio
265 2867 372 2930 incidit
384 2887 485 2940 venus,
506 2875 701 2948 porrectoque
721 2865 929 2948 superaltaria
939 2869 1081 2947 sanguine
1092 2858 1223 2968 ssfflon

121 2967 279 3033 &imanes
291 2975 390 3048 partes
400 2966 593 3027 consecravit
615 2966 686 3032 Quo
696 2965 726 3024 in
735 2965 853 3025 bomine
866 2964 1081 3047 propemodum
1109 2951 1233 3041 mim:

121 3065 188 3147 ipsa
198 3063 359 3126 sacerdotii
365 3063 468 3144 religio
476 3063 609 3124 extincte
620 3071 676 3136 est,
686 3081 754 3123 cum
768 3063 798 3122 in
812 3061 911 3122 locum
919 3063 987 3142 ejus
995 3081 1081 3122 nemo
1092 3055 1236 3163 ‘ffb

122 3161 226 3224 factum
249 3159 376 3220 flamen
397 3167 510 3242 septem
531 3168 563 3220 et
586 3159 774 3239 septuaginta
799 3159 886 3218 annia
908 3159 1080 3240 reperietur·
1092 3193 1135 3228 111.
1145 3147 1189 3229 ab.
1237 3145 1246 3161 ”

123 3257 211 3318 Nam
226 3257 266 3318 c.
278 3256 381 3318 cesar
399 3275 508 3317 annum
521 3275 612 3335 agens
627 3255 933 3337 septimumdecimum
946 3275 966 3316 a
979 3256 1081 3318 Mario
1108 3241 1199 3320 Rpsld.

122 3355 285 3435 Cinnaque
298 3353 473 3425 destinatus,
485 3353 612 3414 victoria
625 3351 720 3434 Syllae
733 3353 930 3414 sacerdotium
945 3353 1051 3414 amisit.
1092 3307 1243 3424 ime,
1271 3437 1276 3446 Ι

160 3460 215 3514 45.
238 3452 305 3513 Pro
315 3450 427 3512 Catulo
436 3449 586 3532 deprecati
596 3449 727 3511 Marium
738 3451 905 3521 necessarii,
916 3470 953 3510 na
963 3451 1079 3511 incolu·
1092 3436 1193 3486 ⁸⁰⁰¹&

121 3551 260 3610 mitatem
274 3547 406 3631 quidem,
415 3547 468 3608 sed
478 3547 602 3608 exilium
611 3557 739 3618 orantes,
750 3545 863 3608 nullam
872 3547 1082 3609 absentissimo
1092 3501 1244 3618 limile.

121 3647 295 3709 mortalium
307 3646 471 3727 exprimere
483 3662 587 3706 vocem
606 3653 772 3725 potuerunt,
790 3653 897 3724 prater
909 3645 987 3705 banc
1002 3664 1082 3726 sepa
1110 3631 1246 3682 cisum

120 3746 296 3828 repetitam,
314 3742 498 3804 ‘moriatur.'
540 3739 637 3821 igitur
659 3740 790 3802 inclusus
810 3741 890 3814 loco,
912 3743 966 3822 qui
989 3696 1223 3824 unperiffiiul'

120 3844 208 3906 calce
222 3841 323 3902 fuerat
334 3839 453 3917 oblitum,
464 3837 590 3900 multum
603 3838 704 3900 inlerri
717 3839 815 3918 ignem
822 3840 925 3918 jussit,
937 3851 1027 3922 atque
1040 3842 1083 3903 ita
1093 3827 1139 3939 3¹¹·
1148 3831 1228 3939 Ὺ·

119 3939 274 4001 suffocato
286 3937 388 4020 spiritu
400 3937 552 3997 extinctus
564 3944 639 4020 est„
655 3933 741 3996 Inter
753 3935 819 3996 baec
831 3935 967 3997 misertus
980 3939 1082 4018 patriae
1094 3899 1245 4005 velina

119 4037 281 4100 etcivium
295 4035 337 4102 Q.
349 4031 508 4105 Sertorius,
522 4033 573 4115 qui
591 4032 673 4093 solus
691 4033 767 4094 inter
776 4041 940 4094 ceterorum
953 4031 1082 4095 furorem
1095 4020 1246 4134 xnml'id'

119 4136 205 4199 omni
220 4130 371 4193 maleficio
383 4129 557 4191 abstinuisse
569 4129 672 4202 fertur,
686 4128 829 4190 damnata
847 4128 940 4188 Marii
957 4131 1081 4204 sevitia,
1094 4101 1216 4215 *libili-⁹

120 4231 266 4316 privatim
284 4227 447 4311 appellavit
460 4227 599 4298 Cinnam,
617 4235 649 4286 et
669 4227 849 4288 miseriarum
871 4207 965 4286 Urbis
981 4239 1081 4308 poem.
1094 4215 1246 4332 Ffflsm

120 4333 198 4393 lavit
221 4327 361 4389 modum:
382 4345 541 4406 senosque
561 4323 726 4396 Marianos,
744 4343 812 4384 eum
826 4344 846 4382 a
860 4319 960 4385 Cinna
976 4326 1116 4405 supinae,
1127 4350 1154 4398 ⁷.

119 4419 249 4491 cohibiti
260 4424 335 4486 nibil
348 4423 386 4484 de
398 4421 560 4484 sceleribus
568 4422 757 4494 remitterent,
768 4420 899 4502 acceptis
908 4421 994 4484 aben
1003 4421 1081 4483 Gul-
