3300 5225
883 660 921 715 .'l'·
946 658 1040 707 lalVll

564 802 652 864 mun
665 764 1526 873 mmmmminaonsicrsvos,01eemmeterm

560 900 789 1003 ‘comparavisse

606 1002 658 1057 30.
680 995 857 1057 ‘Praeterea
877 996 951 1055 nihil
971 995 1065 1075 magis
1083 994 1239 1055 convenire
1255 992 1386 1055 consulis
1398 992 1527 1053 wanni-

566 1094 633 1165 bus,
659 1094 711 1174 qui
728 1092 766 1153 tle
789 1092 978 1155 restituendis
995 1091 1135 1153 exulibus
1154 1100 1311 1173 tantopere
1333 1090 1527 1173 depugnarit,

565 1212 656 1274 quam
682 1192 719 1253 Ο.
746 1192 877 1253 Marium
901 1193 1005 1273 recipi,
1029 1190 1152 1252 exulum
1175 1192 1308 1251 omnium
1329 1188 1411 1250 lraud
1432 1189 1528 1249 dubie

564 1290 747 1371 principem:
762 1290 851 1371 idque
864 1291 920 1350 nisi
939 1289 1004 1360 fiat,
1015 1288 1096 1371 apud
1105 1288 1213 1349 multos
1224 1288 1369 1348 orituram
1381 1288 1529 1368 suspicio·

566 1406 645 1458 nem,
659 1386 740 1446 aliud
753 1386 924 1446 simulatum
934 1386 995 1446 illis
1006 1385 1256 1455 contentionibus,
1266 1383 1349 1444 aliud
1367 1384 1528 1465 quesitum

565 1503 639 1544 esse.
681 1483 837 1544 Praeterea
845 1484 1021 1552 cavendum,
1032 1503 1081 1553 ne,
1092 1482 1240 1543 velutlrac
1251 1482 1370 1563 repulsa
1382 1482 1529 1551 irritatus,

566 1582 596 1640 in
618 1582 780 1641 contrarias
793 1591 892 1662 partes
905 1590 1036 1641 transeat
1047 1581 1147 1651 homo,
1160 1580 1350 1640 contumeliae
1361 1580 1459 1639 omnis
1471 1581 1532 1639 im·

567 1678 692 1757 patiens,
706 1687 738 1737 et
758 1678 797 1738 ad
817 1678 978 1737 vindictam
997 1696 1138 1758 praeceps.
1179 1675 1274 1738 Nunc
1291 1675 1432 1757 occupari
1444 1696 1530 1748 eum,

566 1774 744 1854 retinerique
757 1774 964 1835 benevolentia
984 1794 1079 1855 posse.
1121 1772 1187 1832 Ubi
1199 1772 1257 1833 boc
1270 1783 1387 1854 tempus
1405 1784 1531 1854 prater-

568 1870 688 1931 missum
713 1870 815 1942 luerit,
844 1890 940 1931 seram
963 1868 1108 1950 neglecta
1132 1871 1297 1931 occasionis
1322 1869 1531 1950 paenitentiam

568 1965 653 2027 lore!

404 2068 471 2119 Plut.
481 2068 545 2118 Sert-
609 2068 659 2123 sl.
681 2062 836 2123 Adversus
847 2062 912 2123 brec
926 2070 1015 2143 atque
1032 2060 1119 2133 talia,
1132 2062 1176 2130 Q.
1190 2060 1338 2123 Sertorium
1350 2064 1453 2123 omnia
1465 2064 1532 2124 alia

567 2159 719 2230 censebat,
734 2160 808 2231 sive,
829 2168 912 2219 tanto
925 2160 988 2220 viro
1001 2166 1156 2239 praesente,
1167 2160 1290 2219 minoris
1301 2179 1334 2219 se
1347 2160 1531 2220 numnam

455 2294 458 2299 ,
535 2296 539 2302 ·
566 2258 602 2319 iri
614 2266 721 2339 putans
732 2278 740 2327 ς
755 2258 828 2328 sive,
840 2256 987 2338 probabili
998 2277 1089 2317 causa
1101 2265 1212 2327 motus,¹
1219 2256 1413 2316 acerbitatem
1422 2257 1532 2327 Marii,

567 2362 599 2414 at
611 2353 831 2435 implacabilem
851 2354 881 2413 in
901 2353 1028 2413 victoria
1045 2354 1177 2413 animum
1190 2353 1292 2434 procul
1305 2353 1395 2413 rebus
1406 2356 1534 2415 urbanis

567 2451 738 2512 babendum
750 2435 950 2511 existimabat.
993 2450 1028 2511 Is
1039 2469 1111 2529 ergo
1127 2450 1205 2510 lrunc
1217 2450 1348 2510 maxime
1360 2451 1391 2509 in
1405 2450 1532 2512 modurn

568 2547 720 2609 disseruit:

559 2679 561 2686 ·
610 2651 661 2704 82.
683 2645 784 2712 ‘Qum
804 2642 844 2704 de
856 2645 965 2705 virtute
977 2653 1068 2725 atque
1081 2644 1177 2726 gloria
1188 2642 1228 2705 O.
1242 2643 1336 2704 Marii
1350 2644 1436 2706 dicta
1447 2654 1533 2717 suat,

570 2763 666 2822 neque
686 2743 726 2803 ab
744 2743 871 2802 inimicia
882 2743 948 2822 ejus
960 2752 1125 2822 negantur:
1146 2751 1179 2802 et
1190 2761 1247 2822 ego
1259 2743 1408 2804 neminem
1421 2743 1534 2804 eadem

570 2847 660 2899 aetate
687 2839 892 2919 imperatorem
917 2859 987 2899 cum
1011 2839 1070 2899 boc
1094 2840 1260 2920 comparari
1287 2860 1372 2920 poma
1388 2841 1534 2901 arbitror.

571 2935 711 2996 Ceterum
725 2935 973 3018 quemadmodum
982 2934 1098 3017 reliqua
1108 2937 1318 3017 quaeoriuntur
1327 2946 1360 2998 et
1373 2936 1536 3009 occidunt,

570 3044 651 3095 stata
663 3034 813 3094 crescendi
834 3033 1046 3115 minuendique
1059 3043 1195 3115 tempora
1207 3033 1330 3105 habant,
1343 3054 1442 3115 neque
1455 3035 1537 3096 fines

572 3151 591 3190 a
614 3138 721 3190 natura
740 3131 925 3212 prescriptos
946 3129 1092 3190 transssire
1115 3139 1256 3210 possunt:
1277 3132 1323 3190 ita
1342 3139 1374 3191 et
1390 3132 1537 3193 bumana

571 3227 673 3288 virtuti
692 3247 762 3286 suus
779 3235 871 3298 ortus,
892 3226 1000 3287 deinde
1016 3228 1183 3298 maturitas,
1201 3236 1349 3308 postremo
1361 3249 1432 3310 quse
1443 3229 1538 3291 illam

571 3324 739 3402 extinguat,
753 3333 889 3385 senectus
899 3333 953 3384 est
983 3321 1062 3407 Nec¹
1070 3323 1156 3384 aliter
1168 3323 1206 3384 de
1216 3324 1313 3403 gloria
1315 3324 1538 3405 judicaverim.

573 3419 739 3480 Multorum
759 3419 849 3480 bodie
868 3422 921 3479 vix
937 3419 1057 3479 nomina
1078 3429 1304 3505 cognoscuptur,
1327 3442 1403 3501 quos
1420 3423 1541 3484 scimus

571 3518 696 3580 vetustis
715 3518 896 3600 temporibus
914 3516 1078 3577 clarissima
1102 3517 1185 3579 lama
1206 3517 1348 3579 floruisse.
1390 3519 1540 3582 Priorem

572 3624 670 3675 antem
690 3613 784 3694 gloria
801 3615 941 3673 virtutem
960 3634 1036 3684 esse,
1055 3634 1205 3676 necessum
1220 3626 1276 3687 est,
1293 3637 1362 3677 cum
1378 3616 1458 3677 banc
1475 3618 1543 3679 illa

572 3719 778 3789 consequatur.
802 3709 859 3781 At,
873 3730 940 3790 quae
951 3710 1095 3790 posterius
1106 3721 1173 3772 crta
1184 3721 1264 3784 sunt,
1274 3711 1386 3772 diutius
1398 3727 1543 3776 manent.

573 3807 620 3866 Eo
633 3807 679 3877 lit,
694 3815 727 3867 ut
740 3827 797 3868 non
811 3806 890 3866 idem
904 3807 1054 3888 utriusque
1074 3809 1115 3867 slt
1126 3807 1194 3867 linis
1206 3817 1297 3889 atque
1309 3811 1464 3882 terminus,
1477 3814 1543 3872 sed

571 3903 662 3964 ferme
685 3914 748 3963 tum
761 3903 910 3984 praecipue
922 3903 1023 3981 vigeat
1038 3903 1130 3975 laura,
1149 3914 1305 3986 postquam
1324 3907 1416 3986 longa
1428 3917 1545 3984 aetate,

571 4013 623 4064 aut
644 4003 746 4063 morbo
761 4002 903 4081 corporis,
924 4009 977 4060 aut
997 4001 1059 4061 alio
1075 4002 1169 4062 veluti
1187 4003 1246 4063 sibu
1259 4005 1355 4064 virtus
1372 4012 1545 4070 emarcuit„

502 4091 504 4094 ⁸
572 4100 703 4171 Idcirco,
717 4119 785 4159 cum
804 4097 887 4157 nulla
905 4097 995 4158 fuerit
1010 4118 1142 4180 uuquam
1164 4100 1336 4180 respublica
1355 4123 1547 4182 magnorum

571 4199 681 4259 ducum
694 4197 829 4267 feracior,
840 4196 892 4256 ubi
902 4198 1129 4258 commentarios
1137 4198 1268 4258 historiae
1279 4198 1430 4260 Romm
1440 4211 1549 4284 etque

573 4295 695 4356 annales
715 4311 816 4354 omnes
835 4292 991 4364 evolveris,
1015 4295 1162 4355 neminem
1185 4297 1326 4377 reperies,
1346 4301 1397 4358 cui
1417 4299 1455 4360 ad
1479 4304 1551 4366 lios

573 4411 665 4452 annos
683 4391 735 4451 ille
753 4391 838 4468 vigor
857 4391 949 4450 animi
967 4411 1004 4452 ac
1020 4393 1161 4474 corporis,
1179 4413 1268 4474 quem
1284 4397 1427 4457 virtutem
1439 4418 1549 4462 voca-

574 4511 649 4558 mus,
664 4488 822 4549 duraverit.

615 4591 664 4645 33.
686 4596 693 4621 ⁶
708 4584 797 4644 Unde
823 4585 971 4666 sapienter
989 4606 1008 4644 a
1031 4588 1193 4665 maioribus
1210 4591 1318 4650 nomme
1336 4593 1550 4659 constitutum
