3300 5225
417 574 505 641 4612
901 592 936 642 r.
960 592 1056 641 urvrr

580 736 769 805 criscecum
782 746 987 797 occurrentem
1007 737 1065 797 sibi
1086 736 1202 797 bomem
1220 736 1334 807 feriret,
1346 736 1467 817 objectu
1481 758 1534 817 gn-
1573 720 1577 731 ¹

579 831 635 892 lere
655 830 743 911 fregit
754 853 873 893 ensem:
894 854 950 895 nec
969 835 1058 895 cessit
1073 845 1174 895 tsmen
1195 833 1274 907 loco,
1293 835 1359 905 sed,
1371 834 1467 895 donec
1480 834 1536 894 ulii

418 934 567 985 vellum.
578 929 794 989 commilitones
805 932 1037 1011 supervenirent,
1050 930 1168 991 restitit
1209 929 1263 993 Sic
1275 939 1454 1013 expugnet!
1466 940 1537 991 mint

418 1000 484 1049 PM
580 1043 599 1084 s
612 1022 701 1105 Sylla
711 1024 857 1097 Athene,
872 1026 1019 1088 Kalendis
1032 1026 1171 1089 Martiis·

620 1128 671 1182 45.
694 1118 936 1183 Rommi'diruio
945 1120 1537 1205 quicquidiuterdunsportusPirsicem

433 1216 541 1327 deri?-
579 1226 611 1277 et
624 1216 747 1279 Secrsm
760 1239 911 1280 murorum
928 1220 1037 1291 lueret,
1050 1240 1158 1301 magno
1176 1239 1246 1280 cum
1266 1228 1380 1279 terrore
1399 1220 1535 1298 ingressi,

416 1282 542 1395 hiiffifd',
578 1314 689 1374 strictis
702 1315 822 1377 'ensibus
842 1316 882 1377 nd
902 1315 1016 1377 cundem
1037 1317 1215 1399 rupiumque
1233 1314 1453 1376 discurrerunt:
1475 1336 1536 1375 non

416 1410 513 1461 Gmur.
578 1408 777 1474 deiectionem
790 1421 907 1473 tontum
920 1412 1162 1484 Atheniensium,
1174 1412 1228 1473 sed
1245 1430 1315 1472 suns
1325 1411 1535 1483 contumeliss,

579 1516 611 1567 et
625 1510 712 1587 jectu
723 1508 886 1570 obsidionis
905 1518 1038 1590 tempore
1047 1511 1196 1581 convicia,
1209 1508 1331 1569 immitis
1341 1508 1454 1587 ingenii
1471 1509 1538 1567 viro

579 1606 686 1666 scdter
707 1605 891 1669 vindicante.
933 1607 1011 1668 Brut
1028 1608 1149 1670 omnino
1169 1606 1329 1669 indutum
1346 1626 1452 1668 corum
1465 1628 1536 1687 quae

416 1709 524 1776 Appiis.
579 1702 684 1763 fierent
695 1705 819 1785 species,
832 1714 897 1765 tum
909 1703 1054 1766 sectorum
1064 1706 1249 1785 pnemorinet
1261 1712 1350 1765 notre.
1385 1703 1496 1764 Multis
1503 1706 1536 1764 in

577 1802 715 1863 domibus
727 1802 849 1864 condite
861 1803 893 1864 in
905 1823 990 1864 usum
1001 1804 1134 1865 ciborum
1147 1804 1278 1865 humens
1290 1802 1423 1863 membru
1435 1822 1536 1884 reper-

417 1906 555 1974 Plunsyll.
577 1908 627 1969 tor
649 1909 823 1980 tentumque
843 1901 956 1963 cruoris
975 1920 1014 1961 ec
1032 1910 1121 1962 nocte
1140 1900 1238 1961 fusum
1256 1899 1368 1969 lerunt,
1381 1909 1416 1960 ut
1428 1909 1537 1981 preter

577 1997 653 2058 nlius
671 1998 751 2058 urbis
764 2006 864 2079 portes
882 1997 1060 2059 ostiumst
1078 1997 1275 2060 csdsreribru
1291 1996 1440 2078 oppletus,
1453 2008 1538 2059 totus

577 2093 751 2157 Cersmicus
770 2094 810 2157 nd
831 2094 969 2177 Dipylon
990 2116 1085 2178 usque
1102 2097 1244 2175 sunguine
1264 2094 1397 2165 fluxerit,
1409 2098 1536 2176 ejusque

576 2193 753 2255 rivosetinm
762 2194 794 2253 in
803 2192 977 2255 suburbium
987 2214 1122 2255 munem
1134 2193 1257 2275 quidem
1265 2193 1430 2254 retulerint.
1459 2192 1494 2253 N
1494 2213 1536 2253 on

575 2291 655 2351 enim
667 2311 687 2351 a
707 2288 855 2351 Romanis
874 2299 991 2351 tuntum
1012 2291 1096 2351 obrii
1117 2290 1335 2363 sternebantur,
1356 2288 1410 2351 sed
1432 2290 1539 2370 ingens

575 2386 791 2468 oppidanorum
803 2406 953 2458 numerus,
967 2387 1120 2448 acerbiore
1131 2396 1226 2448 morto
1237 2397 1382 2459 metucns,
1395 2386 1537 2469 despere-

575 2484 658 2543 tione
676 2484 735 2545 sibi
757 2503 860 2545 necem
880 2484 1093 2545 consciscehnt.
1134 2482 1271 2544 Aristion
1287 2503 1356 2544 curn
1376 2485 1482 2565 poucis
1505 2486 1536 2545 in

475 2598 481 2610 ·
516 2631 523 2648 ,
577 2598 675 2641 urcem
687 2578 835 2660 confugit,
848 2580 969 2642 inceruo
983 2579 1063 2660 prius
1076 2577 1186 2652 0dco,‘
1204 2600 1242 2642 ne
1255 2580 1380 2642 muteris
1395 2579 1479 2642 illius
1494 2581 1536 2643 sd

576 2675 806 2758 oppugnandum
818 2696 917 2738 urcem
930 2678 1064 2738 hostibus
1076 2679 1143 2740 usui
1154 2688 1243 2739 esset

616 2779 668 2834 46.
691 2772 820 2856 Syllum,
836 2795 874 2834 no
894 2773 1010 2836 Urbem
1023 2774 1164 2848 dirueret,
1178 2793 1237 2835 non
1255 2773 1376 2856 quidem
1388 2773 1535 2835 nsndcts

575 2879 695 2932 sensim
715 2871 946 2944 absterruerunt,
959 2873 1068 2952 quibus
1085 2881 1150 2933 tum
1170 2871 1292 2952 quidem
1311 2890 1415 2953 porum
1428 2869 1537 2932 luisset

445 3007 480 3040 u.
575 2977 756 3030 commotus:
776 2969 830 3030 sed
842 2967 993 3030 Romnrds
1003 2970 1190 3031 senatoribus
1201 2971 1254 3050 qui
1266 2988 1335 3030 cum
1345 2967 1435 3049 Syllo
1447 2980 1535 3030 erunt

576 3066 798 3148 adjuvantibus,
817 3067 923 3128 exules
943 3066 1174 3128 Atheniensium
1194 3066 1309 3127 Midias
1322 3075 1355 3127 et
1367 3065 1533 3148 Cellipbon

576 3165 716 3232 extremis
732 3165 871 3246 precibus
889 3165 1053 3236 evicerunt,
1077 3173 1131 3226 ‘ut
1143 3165 1312 3226 miserrime
1331 3164 1464 3226 civitatis
1476 3165 1535 3224 nli·

472 3273 479 3287 ·
576 3281 652 3341 quus
668 3281 731 3322 esse
750 3261 891 3342 reliquias
908 3263 1078 3343 peteretur!
1120 3261 1218 3342 Igitur
1235 3262 1388 3344 posbidie,
1401 3263 1470 3340 jum
1483 3283 1533 3322 ss-

569 3358 652 3418 'tictn
663 3358 797 3420 nonnihil
808 3357 951 3420 vindicte
962 3358 1138 3440 cupiditate,
1151 3368 1284 3433 veterum
1302 3359 1534 3420 Atheniensium

457 3485 477 3518 r.
574 3455 714 3517 leudibus
725 3456 972 3528 commemoratis,
993 3466 1002 3494 ⁸
1017 3456 1227 3536 ingrstissirnos
1237 3455 1411 3527 hominum,'
1422 3465 1459 3516 ut
1469 3457 1534 3537 ipse

573 3551 705 3624 dicebnt,
719 3555 765 3614 ‘in
783 3554 924 3614 bonorem
940 3572 1090 3614 sscrorum
1104 3574 1222 3614 suorum
1238 3564 1329 3634 utque
1343 3555 1533 3634 nntiquornm

445 3675 459 3708 u
484 3713 486 3720 ,
574 3651 714 3712 beroum'
725 3652 930 3712 consciverit:
951 3659 961 3687 ⁴
976 3648 1085 3712 mulsos
1096 3672 1129 3711 so
1140 3651 1255 3733 poucis,
1268 3660 1301 3712 et
1312 3651 1398 3713 viros
1410 3653 1533 3712 mortuis

472 3757 478 3769 “
512 3791 519 3808 .
574 3747 704 3810 donnre’
721 3747 872 3810 dictitans.
913 3747 1081 3810 ‘Servilia’
1100 3747 1209 3810 deinde
1230 3757 1380 3830 ‘corpore
1391 3747 1532 3810 venditu-

573 3847 656 3905 rum'
682 3844 797 3908 edixitr
829 3847 959 3908 ‘ceteris
980 3845 1143 3907 concedere
1169 3846 1338 3908 libertntem
1350 3867 1360 3916 3
1387 3845 1533 3926 suffragiu

572 3941 672 4021 legum
684 3951 715 4002 et
727 3943 950 4022 mugistrstuum
971 3961 1029 4002 non
1048 3941 1224 4012 concedere,
1241 3941 1322 4024 quod
1340 3943 1443 4003 hostili
1456 3944 1487 4004 in
1501 3965 1532 4004 se

574 4051 664 4120 etque
677 4039 818 4122 populum
833 4039 1005 4100 Romanum
1013 4041 1114 4102 nnimo
1125 4040 1260 4102 luissent.
1280 4039 1418 4102 Posteris
1429 4050 1531 4102 nmen

558 4135 691 4198 *illorum
703 4157 742 4198 es
753 4157 872 4218 quoque
885 4135 1030 4198 reddere·5

609 4327 712 4393 Ὀιὶιο]
735 4326 840 4378 Odeum
858 4331 932 4378 loeus
947 4326 998 4378 ruti
1015 4343 1032 4377 s
1067 4329 1106 4378 illl
1120 4327 1232 4379 edificio
1245 4343 1348 4381 nomem
1375 4329 1440 4380 Vid.
1455 4331 1520 4381 Plnt

576 4391 678 4442 Pericle
690 4401 851 4451 exstructus.
861 4394 966 4444 musicis
977 4408 1034 4442 cer·
1069 4395 1096 4444 in
1108 4393 1206 4446 Pericl·
1223 4395 1294 4446 creo.

562 4458 714 4554 ‘luminibus
732 4457 896 4510 destinetur:
919 4458 988 4509 rods
1007 4467 1037 4508 ct
