3300 5225
464 571 568 622 arear
591 569 998 624 mammaemammal.
1196 557 1283 626 4947

171 723 356 778 commutata
369 723 479 790 mente,
490 716 671 779 'Ciceronem
685 715 724 778 ad
741 701 850 780 eaelum
867 715 1016 778 tollebnt
1026 715 1124 778 laudi·

170 813 240 885 bus,
261 814 429 876 incendium
442 817 572 876 maxime
589 815 740 887 detestati,
753 815 835 896 quod
853 815 910 876 sibi
922 816 1057 897 inprimis
1072 837 1124 878 ca·

171 907 343 972 lamitusum
355 911 418 972 lore
426 932 484 972 non
496 912 684 974 dubitabant.
719 912 808 972 Forte
818 912 924 974 mem
933 911 994 983 die,
1004 912 1125 973 eadem-
1136 917 1195 971 Dio.

173 1027 233 1089 que
245 1007 320 1068 bora
331 1007 402 1080 diei,
416 1028 477 1089 qua
491 1029 544 1090 per
561 1007 656 1070 lorum
677 1009 826 1088 conjurati
844 1010 875 1070 in
887 1007 981 1070 edem
995 1008 1125 1070 Concor·
1136 983 1276 1101 cafix&

173 1103 440 1176 metuebantur,
458 1103 544 1166 Jovis
557 1103 745 1166 simulacrum
759 1105 798 1165 sd
811 1113 908 1166 ortum
924 1105 996 1166 solis
1012 1106 1041 1166 in
1055 1125 1127 1168 cen·

173 1207 277 1281 speetu
288 1198 387 1260 Curiae
400 1200 528 1281 torique,
542 1200 696 1261 altioribus
710 1221 799 1281 quam
813 1210 902 1262 antea
913 1201 1060 1262 columnis
1070 1203 1127 1262 im·

176 1296 305 1376 positum
318 1303 382 1366 est;
404 1315 471 1356 cum
484 1296 603 1357 biennio
616 1305 684 1357 ante
697 1295 845 1368 locatum·
860 1317 957 1378 neque
974 1305 1073 1380 tamen
1086 1299 1128 1359 ob

175 1395 348 1456 tarditatem
369 1396 465 1476 operia
484 1404 628 1457 smmum
649 1394 688 1456 ed
712 1415 778 1456 eam
799 1395 881 1456 diem
900 1404 987 1456 esset.
1029 1395 1128 1475 Igitur

176 1490 257 1570 quod
270 1488 375 1552 eodem
389 1500 519 1573 tempore
533 1492 685 1573 patefacta
694 1501 740 1552 eat
752 1491 942 1572 conspiratio,
955 1491 1036 1572 quod
1047 1491 1127 1553 tum-

175 1605 242 1648 rum
254 1607 291 1648 eo
302 1587 387 1666 signo
399 1589 442 1648 sic
454 1589 551 1670 posite
568 1588 738 1668 haruspices
755 1587 976 1668 responderant,
994 1607 1053 1650 non
1065 1589 1129 1649 sine

176 1683 295 1744 numine
319 1682 448 1746 Deorum
469 1683 560 1746 tantis
580 1682 719 1765 periculis
739 1692 872 1766 ereptam
893 1703 958 1746 esse
977 1684 1129 1746 civitatem

175 1779 374 1842 crediderunt.

217 1883 268 1938 96.
289 1875 452 1948 Postridie,
465 1895 534 1936 eum
546 1875 651 1938 iterum
663 1885 783 1936 senatus
795 1877 965 1949 baberebrr,
978 1875 1128 1938 introduc·
1139 1879 1239 1932 Saltum.

176 1979 227 2032 tus
239 1993 259 2033 a
270 1973 389 2034 consule
402 1971 444 2032 P.
454 1971 636 2052 Tarquitius,
646 1973 698 2053 qui
708 1972 855 2053 professus
866 1973 1008 2035 inslieinm
1019 1974 1129 2046 linerat,

178 2069 321 2130 Crassrsm
340 2071 417 2132 inter
435 2059 605 2147 conjuratos
623 2069 798 2140 nominarit,
819 2068 987 2142 nobilitate,
1005 2069 1129 2141 divitiis,
1140 2086 1292 2140 prmcm..

178 2167 371 2248 potentiaque
395 2185 511 2226 summa
533 2164 691 2226 bominem.
741 2162 941 2227 Conclamant
970 2176 1129 2237 senatores,
1140 2153 1229 2268 gh

178 2261 308 2324 ‘lalsnm
322 2261 462 2324 indicium
474 2261 559 2334 esse‚'
580 2261 677 2342 deque
696 2281 734 2322 ea
755 2283 787 2324 re
808 2261 961 2344 postulant
977 2261 1131 2323 utrelera-
1230 2252 1238 2268 ⁰

178 2367 238 2431 tur,
252 2378 320 2441 pars
332 2359 375 2419 ita
387 2359 567 2428 sentientesz
589 2358 653 2430 alii,
670 2357 751 2439 quod
766 2357 961 2441 perieulomm
974 2360 1132 2440 putabant,
1249 2388 1252 2394 Δ

179 2455 413 2536 potentissimum
435 2455 531 2516 virum
548 2453 597 2516 vel
620 2474 691 2516 varo
711 2455 832 2516 emmine
856 2455 1038 2536 precipitem
1060 2455 1109 2534 agi
1120 2475 1131 2526 ς

179 2552 264 2615 multi
278 2552 415 2635 privatim
427 2552 559 2614 obnoxii.
600 2551 708 2633 Igitur,
721 2551 892 2613 consulente
906 2550 1060 2624 Cicerone,
1072 2551 1131 2614 fre·

179 2670 273 2731 quens
284 2658 403 2712 senatus
415 2649 558 2723 decrerit,
572 2659 581 2687 ‘
594 2649 735 2711 indicium
744 2649 853 2711 falsum
865 2649 979 2711 rideri?
1000 2649 1133 2719 Quidam

178 2746 392 2810 existimabant
414 2749 645 2811 machinatorem
671 2749 736 2826 ejus
758 2747 862 2808 indicii
888 2747 931 2809 P.
952 2748 1133 2809 Autronium

180 2842 281 2916 luisse,
301 2864 361 2925 quo
382 2844 482 2905 Grani
502 2845 635 2926 potentie
652 2842 772 2925 reliquis
789 2843 1025 2925 presidioesset.
1067 2844 1134 2903 Alii

180 2938 336 3001 Ciceronis
354 2939 468 3013 dolum,
491 2950 526 3001 ut
548 2940 708 3003 Omssusa
729 2940 916 3021 suscipiendo
936 2940 1133 3021 improborum

180 3038 356 3118 patrocinio,
366 3036 446 3117 quod
457 3037 514 3119 ipsi
527 3036 665 3117 frequens
676 3045 750 3107 erat,
763 3037 984 3101 absterreretur.
1028 3035 1133 3117 Ipsum

59 3142 65 3157 ⁸
181 3136 285 3213 utique
306 3132 445 3194 Crassum
468 3142 640 3214 querentem
663 3132 814 3195 audivisse
838 3132 997 3193 Sallustius
1019 3133 1139 3203 scribite

181 3238 295 3291 tantem
317 3229 402 3291 illam
423 3230 633 3293 conmmelism
651 3230 708 3291 sibi
727 3229 767 3290 ab
787 3228 934 3292 Cicerone
946 3229 1130 3311 impositam:
1174 3227 1178 3235 “

182 3346 353 3408 semperque
365 3337 468 3409 postea
479 3327 538 3389 luit
550 3329 589 3389 ab
602 3348 638 3391 co
651 3326 783 3389 alienior.
1141 3350 1295 3402 mutem,

222 3430 273 3489 97.
294 3424 445 3487 Gaesarem
456 3446 574 3506 quoqne
588 3424 732 3487 nominari
744 3444 796 3506 per
809 3420 1006 3503 Allobrogas,
1014 3423 1130 3486 anteli-
1158 3450 1256 3501 mum
1266 3454 1294 3496 ss

182 3541 239 3588 um,
244 3521 383 3595 indicem,
393 3523 436 3591 Q.
442 3521 580 3595 Catulus,
591 3520 629 3583 Ο.
636 3522 711 3585 Piso
721 3522 908 3583 vehementer
915 3530 1069 3602 optarunt;
1080 3522 1132 3583 sed
1144 3515 1211 3595 ¹²¹⁰&
1221 3516 1287 3565 ⁰⁸⁸·

182 3638 239 3685 nec
247 3638 335 3700 prece
347 3638 403 3681 nec
415 3620 509 3701 pretio
521 3619 691 3703 persuaderi
705 3619 845 3681 Ciceroni
857 3620 965 3700 poerit
975 3628 1010 3681 nt
1018 3629 1134 3700 patere·
1145 3589 1171 3630 ‘t
1180 3580 1236 3634 ⁰¹⁰⁸

182 3724 239 3777 tur.
251 3714 328 3777 Cum
337 3725 462 3797 utroque
470 3736 574 3798 graves
583 3718 751 3779 inimicitias
759 3715 980 3778 Gresarslebat:
992 3716 1135 3778 Pisonem

182 3819 407 3894 oppugnaverat
418 3812 507 3875 modo
519 3814 548 3875 in
557 3813 674 3895 judicio
688 3823 808 3895 propter
819 3810 1026 3893 Transpadani
1034 3815 1134 3893 cujas·

182 3908 254 3970 dam
267 3910 408 3990 injustum
418 3910 607 3991 supplicium,
620 3931 681 3993 quo
690 3918 789 3971 tamen
798 3907 916 3990 judicio
925 3907 1002 3969 Piso
1013 3918 1070 3980 est,
1081 3908 1134 3969 de·

182 4004 321 4067 tendente
331 4005 451 4067 consule
463 4005 620 4078 Cicerone,
631 4004 800 4068 absolutus:
815 4001 993 4073 Q.Gatulus
1002 4013 1136 4066 extreme
1158 4042 1217 4094 cie.
1228 4058 1272 4107 pre

184 4111 283 4174 atate,
307 4102 444 4163 maximis
465 4103 625 4165 bonoribus
646 4123 726 4174 usus,
745 4103 859 4165 victum
878 4120 910 4161 se
930 4121 950 4161 a
962 4100 1081 4163 Omsare
1103 4102 1134 4162 in
1147 4106 1298 4161 thecae.

184 4200 328 4282 petitione
341 4200 530 4281 pontificatus
542 4200 795 4283 impatientissime
807 4198 933 4259 larebat,
1146 4172 1246 4225 ΝΜ·
1290 4270 1301 4288 .

225 4304 275 4359 98.
297 4296 408 4379 Nuper
418 4298 509 4369 enim,
524 4298 565 4365 Q.
581 4296 709 4359 Metello
719 4296 782 4359 Pio
796 4304 923 4367 mortuo,
935 4312 1005 4354 cum
1017 4294 1135 4374 pontili-
1147 4326 1207 4378 Dio.

98 4407 107 4417 ·
184 4394 359 4455 cismarini
373 4402 492 4457 vacaret
504 4394 597 4468 locus,
607 4394 645 4459 Τ.
660 4394 810 4457 Labienus
822 4392 919 4473 legem
931 4388 1054 4464 tulerat,
1066 4400 1077 4429 ⁴
1091 4400 1135 4469 ut,
