3300 5225
876 557 911 606 τ.
934 557 1033 608 mvn

599 703 649 758 11.
672 697 719 759 At
741 697 890 760 Sertorius
910 701 1016 781 inaigni
1035 700 1214 764 documento
1234 703 1357 767 maini
1380 704 1509 787 spiritns,

559 793 735 875 ‘Siquidem
759 797 936 879 Bithyniam
960 807 992 858 et
1016 797 1242 880 Cappadociam
1264 821 1367 882 parere
1391 803 1511 882 regibus

557 900 689 952 uuetaa
711 892 903 956 Mithridaten
916 895 1090 974 nrbegiaret,
1111 893 1200 956 facile
1221 897 1392 978 paunrnm'
1408 899 1508 960 dixit:

556 987 629 1049 ‘aad
644 988 751 1052 Asiam
763 991 926 1069 justi-imo
944 991 1032 1052 titulo
1048 1013 1210 1073 peneum
1228 993 1387 1066 Remmia,
1404 1006 1510 1077 purten

555 1095 705 1168 receptam
723 1107 743 1150 a
761 1087 799 1149 (i.
820 1087 963 1160 Fimbria,
981 1097 1045 1150 tum
1063 1109 1137 1170 pane
1155 1089 1283 1172 Syllana
1296 1090 1449 1152 diminuam
1469 1095 1509 1154 ab

554 1203 635 1264 rege,
648 1205 706 1246 non
718 1205 781 1246 erae
791 1205 1006 1248 eunomium.
1048 1185 1089 1246 Se
1102 1187 1182 1248 enim
1194 1187 1351 1249 Romanoa
1364 1209 1440 1262 eane,
1454 1210 1509 1253 uae

553 1303 622 1346 eum
646 1285 753 1366 patria,
775 1284 828 1345 red
848 1305 867 1346 a
885 1285 994 1366 quibua
1014 1304 1154 1366 oppiana
1172 1285 1211 1346 ait
1230 1287 1376 1368 tyrannia
1394 1287 1508 1351 bellum

553 1401 664 1460 gerere.
707 1381 818 1443 Omnia
830 1402 901 1462 ergo
912 1381 1039 1444 consilia
1051 1382 1091 1444 ad
1103 1381 1270 1462 augendum
1286 1385 1382 1464 megin
1398 1406 1507 1446 ornan-

552 1479 682 1561 damque
696 1479 920 1560 rempublicam,
931 1499 1023 1561 qnam
1036 1480 1075 1542 ad
1087 1479 1256 1542 vexandam
1266 1501 1330 1542 aare
1339 1479 1507 1546 reserenda.

553 1574 726 1658 Optandam
748 1577 837 1659 plane
856 1577 922 1638 viro
943 1577 1011 1638 lorti
1030 1579 1195 1650 victoriam,
1216 1580 1241 1638 ei
1259 1579 1393 1642 honam
1409 1586 1507 1663 parari

550 1673 712 1734 rationibus
725 1675 834 1756 pomit3
847 1673 899 1735 aed
909 1694 978 1736 eum
991 1673 1175 1756 turpitudine
1193 1694 1230 1736 ne
1243 1673 1371 1737 salutem
1382 1678 1505 1762 quidem

550 1771 760 1850 expetendam.

591 1872 641 1926 12.
663 1866 841 1928 ‘Praeterea
852 1887 890 1928 ne
909 1867 1011 1928 utilem
1024 1867 1223 1950 quidemeam
1233 1872 1413 1931 sententiam
1430 1869 1504 1933 lore.

550 1961 775 2024 Infinitnaenim
786 1984 839 2046 per
847 1963 971 2025 Italiam
981 1974 1013 2025 et
1022 1965 1053 2024 in
1061 1963 1146 2026 Urbe
1153 1963 1397 2026 eivaaannnna
1406 1987 1505 2047 egere,

549 2063 601 2140 qui
614 2060 660 2121 hie
680 2062 811 2142 partibus
828 2061 946 2122 occulta
966 2061 1099 2134 faveant,
1119 2061 1159 2123 ad
1175 2082 1292 2122 omnem
1306 2061 1435 2124 fortunae
1450 2084 1504 2124 nn-

548 2167 611 2216 tum
625 2158 737 2244 animoa
750 2165 781 2218 et
789 2158 915 2220 consilia
927 2158 1126 2219 monstraturi.
1169 2156 1232 2218 Sed
1245 2159 1391 2240 optimum
1400 2181 1505 2240 qnem-

547 2273 607 2333 que
620 2275 678 2314 non
688 2254 755 2316 aliia
767 2257 866 2318 enunia
876 2255 1000 2327 moveri,
1013 2275 1104 2336 quarn
1115 2253 1197 2336 quod
1209 2257 1304 2316 bonna
1311 2259 1505 2338 egregiosque

547 2353 628 2413 virne
638 2362 671 2413 et
683 2352 855 2434 reipublice
873 2351 1031 2426 atndioeoa,
1049 2353 1176 2434 pervim
1188 2361 1222 2413 et
1233 2353 1375 2433 injuriam
1389 2354 1430 2416 ab
1450 2355 1504 2415 ad-

547 2470 633 2512 varan
644 2450 772 2512 factione
783 2450 883 2532 pulani
892 2451 1078 2514 arbitrentur.
1120 2448 1247 2511 Minime
1260 2449 1504 2528 igitnrdubitnn-

546 2545 630 2620 dum,
650 2547 733 2629 quin,
750 2547 825 2607 nine
839 2546 910 2607 odio
922 2545 1044 2629 quidem
1062 2546 1260 2619 inimieorum,
1272 2548 1410 2607 attentis
1419 2569 1505 2610 eom-
1614 2598 1615 2603 ,

547 2644 948 2727 modiannin,adpnntionem
957 2644 1069 2727 populo
1079 2642 1383 2723 Romanuindignam
1391 2646 1502 2707 adduci

547 2742 674 2823 potuine
694 2742 907 2814 intellexerint,
928 2743 1023 2822 major
1041 2740 1122 2821 apud
1139 2760 1242 2801 omnen
1253 2741 1436 2803 existimatio
1449 2764 1503 2803 sira

544 2839 705 2911 uitiatum,
718 2840 862 2919 favorque
876 2842 906 2899 in
920 2846 1019 2921 partes
1037 2838 1164 2919 pronior.
1207 2836 1270 2898 Sed
1283 2858 1339 2898 nee
1350 2859 1389 2898 eo
1400 2841 1503 2899 animo

544 2946 598 2997 aut
610 2956 746 2999 auneeaarr
766 2935 880 2997 bellum
897 2938 972 3017 gari,
991 2944 1026 2996 nt
1040 2933 1257 3017 desperandum
1268 2935 1318 3007 ait,
1337 2936 1424 3016 quin,
1437 2938 1502 2997 nive

544 3034 632 3094 vietis
644 3034 831 3105 adversariis,
853 3034 916 3094 aive
933 3032 973 3093 ad
990 3050 1092 3113 aquas
1107 3030 1292 3091 conditiones
1304 3030 1433 3104 adactis,
1447 3054 1501 3115 μ-

544 3131 631 3190 triam
644 3150 711 3190 eum
730 3130 856 3211 pristina
866 3130 1011 3209 dignitate
1025 3129 1086 3189 aint
1096 3128 1256 3209 recepturi.
1297 3126 1431 3207 AEqnum
1445 3132 1501 3210 igi·

544 3235 593 3285 tur
610 3246 684 3297 esne,
699 3236 743 3298 ut,
757 3247 846 3308 quem
860 3227 959 3288 locum
971 3246 1024 3307 ape
1037 3235 1069 3285 et
1080 3226 1190 3286 virtute
1202 3234 1349 3307 repetant,
1359 3228 1504 3291 anetina

543 3322 648 3401 dignos
661 3324 774 3384 animoa
783 3333 814 3383 et
826 3324 969 3395 habeant,
978 3332 1011 3383 et
1020 3322 1129 3383 habere
1139 3320 1362 3382 demonstrent’
1500 3341 1504 3350 ·

583 3427 635 3481 1³.
657 3420 736 3483 Haee
750 3422 920 3483 renuntiata
934 3419 1141 3481 Mithridatem
1153 3418 1297 3481 miraculo
1309 3420 1352 3479 rei
1361 3422 1500 3501 percule-

541 3528 627 3577 runtt
642 3520 782 3601 aiuntque
798 3519 880 3579 velut
891 3520 1049 3579 attonitum
1059 3518 1173 3579 dixisse
1185 3515 1224 3577 ad
1238 3515 1370 3587 aminon
1391 3520 1501 3586 ‘Quid

541 3615 630 3693 igitur
648 3615 754 3677 sedena
775 3616 805 3675 in
827 3614 970 3677 Romana
990 3616 1075 3676 curia
1092 3613 1241 3675 Sertorium
1260 3614 1433 3694 imperaret,
1447 3617 1500 3696 qni

540 3730 619 3772 nunc
631 3712 715 3783 exul,
729 3710 813 3773 etad
825 3712 966 3792 angulum
985 3712 1115 3793 Europae
1130 3718 1304 3779 summotus,
1317 3708 1392 3769 linea
1402 3731 1500 3790 regno
1601 3757 1602 3766 ,

377 3820 529 3873 nonium.
540 3827 606 3868 meo
620 3810 713 3889 ponit,
727 3817 758 3869 et
772 3808 882 3870 Asiam
894 3808 1079 3869 tentantibus
1091 3826 1175 3867 arma
1186 3806 1350 3866 minaturl’
1391 3806 1498 3869 Anne-
1600 3833 1601 3856 u

377 3886 444 3936 ΡΜ·
541 3906 586 3987 pit
604 3916 703 3967 tamen
723 3906 802 3987 quod
820 3906 959 3977 dabatur,
972 3915 1005 3966 et
1022 3903 1117 3965 ioedua
1133 3900 1329 3983 jurejurando
1345 3904 1497 3966 sancitum
1599 3919 1600 3946 ¹

540 4001 569 4062 in
583 4002 637 4063 lies
652 4002 752 4082 leges:
777 4001 1024 4084 ‘Cappadociam
1041 4010 1074 4061 et
1094 4000 1280 4081 Bithyniam,
1300 3999 1409 4079 quibus
1426 4000 1498 4062 lini-
1598 3983 1599 4034 l

540 4100 594 4159 bua
612 4098 835 4161 Ariobarzanes
851 4109 883 4161 et
899 4096 1083 4159 Nicomeden
1096 4096 1278 4165 habuiaeent,
1301 4095 1499 4158 Mithridates

392 4198 446 4249 cie.
456 4214 499 4263 pro
538 4216 590 4256 rex
617 4195 759 4257 liaberet:
787 4196 933 4257 Sertorius
954 4194 1016 4274 regi
1038 4194 1146 4255 ducem
1167 4212 1237 4253 eum
1259 4200 1342 4252 certo
1363 4193 1495 4254 militum

373 4262 434 4382 ἐξ·
446 4264 515 4315 Μ““’
539 4308 678 4361 numero:
695 4292 828 4353 Sertorio
840 4293 985 4353 talentum
999 4291 1057 4351 trin
1074 4289 1195 4361 milliu,e
1213 4299 1245 4348 et
1257 4308 1348 4348 neven
1360 4290 1497 4369 quadra·

570 4510 582 4535 θ
595 4500 716 4553 Talentum
728 4501 775 4552 trin
785 4500 872 4567 millii]
890 4500 996 4553 Marcei
1008 4500 1111 4563 argenti
1123 4506 1252 4550 nnatretea
1264 4502 1381 4553 281350.
1397 4498 1477 4548 cm.
