3300 5225
817 597 862 645 Ὗ.
887 594 985 644 blVll

502 739 579 800 teliu
591 739 678 800 dolor
687 740 756 811 luit,
770 748 913 821 tuumque
927 740 1123 821 impatientia.
1166 736 1332 799 Multorum
1349 734 1459 797 deinde

501 837 589 897 simul
610 860 699 899 voces
730 838 841 899 ouditae
870 838 1083 919 increpantium
1104 836 1368 916 eminentiumque,
1394 838 1461 895 'ite

501 934 622 996 demum
640 915 769 997 feliciter
789 945 932 997 eventurn
951 936 1040 995 sociis
1061 955 1130 1015 qut
1149 945 1281 1013 egerent,
1299 936 1325 993 si
1345 933 1462 994 latium

501 1035 587 1107 olim,
601 1036 627 1094 si
641 1036 806 1116 Componis
824 1033 930 1094 endem
950 1034 1090 1117 superbie
1112 1034 1189 1093 bene
1206 1031 1363 1093 cerumt’
1404 1030 1460 1091 Id·

502 1134 582 1193 circo
605 1143 637 1193 et
659 1142 778 1192 senatus
800 1133 918 1191 nomine
939 1152 1107 1213 responsum
1129 1132 1259 1191 animose
1279 1140 1342 1191 est:
1371 1130 1462 1189 ‘Ubi

502 1232 707 1313 pmiitentiem
719 1250 802 1291 suom
816 1231 889 1290 socii
903 1231 1126 1312 approbassent,
1142 1250 1228 1310 posse
1241 1230 1346 1287 iterum
1358 1228 1399 1289 de
1411 1230 1462 1289 iis-

501 1328 571 1389 dem
585 1330 674 1389 rebus
684 1327 798 1406 legatos
810 1329 945 1387 mittere:
966 1328 1005 1389 de
1017 1338 1128 1398 cetero,
1140 1328 1312 1407 priusquam
1325 1326 1463 1387 satisfec-

503 1436 567 1486 tum
589 1427 706 1485 unctui
727 1425 897 1506 populoque
919 1424 1060 1485 Romano
1082 1432 1170 1493 esset,
1188 1423 1324 1483 mittendi
1344 1424 1462 1483 renium

504 1542 564 1583 nou
583 1522 670 1583 lore!
713 1522 794 1583 Herc
810 1524 862 1582 ubi
882 1524 1051 1582 renuntiate
1069 1522 1179 1600 legatio
1196 1530 1254 1591 est,
1268 1522 1376 1601 possim
1393 1520 1466 1580 totis

504 1621 617 1681 uiribus
630 1619 740 1680 bellum
754 1622 872 1691 instrui,
884 1620 1019 1681 delectus
1034 1620 1094 1699 egi,
1107 1629 1139 1681 et
1158 1628 1265 1700 preter
1281 1638 1332 1677 ees
1348 1618 1463 1698 copies,

504 1737 580 1799 ques
600 1718 661 1777 suis
681 1718 807 1798 quisque
831 1704 949 1778 tuendis
968 1716 1077 1779 finibus
1102 1716 1230 1797 populus
1249 1724 1418 1796 perureret,
1433 1714 1463 1773 in

504 1834 661 1875 commuue
680 1816 841 1885 exercitus,
854 1814 986 1895 peditum
1005 1816 1196 1893 equitumque
1215 1811 1254 1871 cd
1277 1810 1373 1871 millis
1392 1830 1463 1871 oen·

505 1920 581 1981 tum,
593 1913 742 1971 conscribi
754 1913 855 1992 coepit.
898 1910 1010 1993 Neque
1031 1912 1158 1971 minores
1177 1909 1324 1970 Romule
1336 1926 1463 1988 eppen-

506 2018 553 2069 tus
572 2018 666 2071 eruut.
709 2009 738 2069 E
755 2010 866 2088 quibus
880 2008 961 2090 quod
977 2010 1042 2069 urbi
1059 2006 1265 2069 custodiendo
1277 2007 1351 2065 setis
1368 2007 1465 2065 uisum

504 2116 570 2166 eret
582 2114 708 2175 retento,
720 2116 829 2166 oeterae
841 2108 937 2187 copire
957 2106 1127 2166 consulibus
1147 2105 1311 2183 legatisque
1323 2111 1392 2162 suut
1404 2112 1464 2161 tre-

504 2203 587 2264 dite.
630 2202 664 2261 N
666 2222 715 2263 em
728 2213 761 2263 ut
774 2204 804 2261 in
818 2224 926 2281 magno
938 2212 969 2263 et
982 2204 1121 2263 intestino
1132 2202 1261 2263 tumultu
1274 2202 1364 2260 smbo
1376 2198 1464 2259 simul

504 2298 641 2359 consules
653 2300 732 2361 votis
743 2301 922 2380 nuncupetis
931 2298 1066 2381 paludati
1080 2298 1205 2379 profecti
1218 2305 1296 2357 sunt.

545 2404 596 2458 23.
619 2396 742 2457 Interes
753 2395 879 2457 dirersis
890 2397 991 2457 ltnliae
1006 2395 1171 2457 lociscives
1187 2394 1332 2464 Romani,
1344 2412 1464 2474 praser-

505 2496 559 2555 tirn
581 2495 632 2575 qui
654 2494 852 2573 indignitate
874 2493 977 2575 eliqua
995 2502 1091 2563 erent,
1109 2492 1354 2553 trucidabantur:
1375 2490 1467 2569 vulgo

507 2592 724 2674 mancipiisque
736 2592 801 2652 vite
810 2613 848 2653 ee
862 2590 926 2670 lege
937 2590 1075 2661 debetur,
1087 2600 1095 2627 ⁴
1108 2600 1140 2650 ut
1149 2590 1204 2650 sub
1216 2588 1308 2668 signis
1320 2587 1466 2648 socionrm

362 2703 395 2761 ⁰5
507 2688 692 2750 militarent?
724 2689 797 2750 Prie
807 2691 913 2750 ceteris
926 2699 1028 2750 notote
1042 2688 1204 2749 Picentum
1219 2686 1386 2746 immunitus
1397 2684 1466 2754 luit,

388 2768 457 2866 ’ζ’
507 2786 559 2866 qui
579 2787 708 2848 berbsro
727 2807 808 2847 more
826 2787 936 2848 multos
954 2787 1181 2846 excruciemnt:
1203 2804 1240 2844 ne
1258 2785 1288 2843 in
1309 2782 1468 2864 populures

508 2882 628 2962 quidem
641 2884 750 2944 mitiori
762 2885 856 2955 rabie,
869 2885 894 2944 si
908 2885 959 2964 qui
976 2893 1080 2943 contre
1094 2882 1251 2942 Romanos
1264 2899 1348 2940 erma
1358 2899 1468 2960 cupere
1496 2902 1502 2918 ¹

506 2977 719 3040 detrectarent.
761 2979 832 3040 Nec
845 2981 924 3040 enim
937 2982 1016 3041 viros
1025 2989 1140 3039 motum
1151 2979 1181 3039 in
1195 2985 1384 3058 conspecturus
1397 2997 1466 3036 suo·

508 3095 572 3134 rum
594 3076 753 3158 productos
773 3079 855 3138 omni
879 3097 985 3156 genere
1004 3075 1251 3138 contumeliarum
1275 3073 1467 3152 effligebent3

506 3172 562 3239 red
575 3175 717 3234 metronis
728 3175 818 3235 etiem
832 3174 935 3256 capilli
948 3195 1016 3234 cum
1030 3175 1095 3255 ipse
1107 3173 1195 3234 simul
1213 3181 1282 3233 cute
1295 3170 1467 3239 evelleban-

345 3280 567 3332 Pltn.rrr.tu.tur.
611 3271 809 3332 Pinnensium
822 3273 866 3350 (iu
885 3271 1019 3332 Vestinis
1037 3271 1068 3332 id
1081 3269 1224 3352 oppidum
1243 3269 1389 3349 hodieque
1408 3273 1467 3348 est)

348 3346 499 3462 ffifffl·
509 3370 609 3430 nescio
622 3391 682 3450 quo
693 3391 765 3430 cusu
776 3371 896 3452 excepti
909 3371 1025 3432 nsooiis
1035 3370 1121 3430 liberi
1133 3369 1261 3430 fuerunt.
1294 3368 1357 3430 Eos
1370 3369 1468 3429 rebel-

366 3477 440 3526 triot.
449 3491 491 3542 ep.
509 3463 583 3526 lium
594 3487 699 3546 eguien
714 3469 753 3528 cd
764 3469 871 3529 moenis
883 3468 994 3529 Pinnae
1005 3467 1158 3538 deductos,
1172 3487 1233 3546 quo
1246 3475 1383 3547 parentes
1395 3487 1467 3528 cou-

348 3543 405 3592 v'¹·
511 3565 745 3646 sanguineosque
756 3566 957 3627 misericordis
969 3568 1184 3626 carissimorum
1195 3567 1350 3646 pignorum
1365 3565 1404 3626 ed
1414 3565 1468 3626 de-

510 3661 669 3724 lectionem
688 3664 885 3745 impellerent,
902 3675 1058 3746 postquem
1071 3662 1102 3723 id
1116 3663 1268 3742 inceptum
1284 3663 1392 3724 trusus
1404 3683 1469 3724 ene

350 3760 1348 3921 ..⁹⁰¹0

352 3955 429 4006 Diod.
508 3955 582 4016 (loru
596 3957 782 4038 archipiretae
795 3979 886 4039 opere
898 3967 974 4028 eret,
988 3979 1077 4040 quern
1090 3960 1130 4018 ob
1142 3957 1309 4037 frequentis
1321 3956 1470 4024 melefieie

511 4063 544 4113 et
556 4053 716 4115 homicidio
734 4077 753 4116 e
771 4055 918 4116 'Romanis
932 4055 1040 4116 Asculi
1062 4057 1091 4114 iu
1110 4055 1248 4116 custodie
1261 4055 1397 4116 hobitum
1412 4057 1470 4115 Pi·

512 4159 614 4210 centes
626 4152 711 4212 initio
721 4152 897 4215 delectionis
908 4153 1034 4214 uinculis
1045 4155 1226 4213 exemerunt
1257 4151 1291 4211 Is
1303 4173 1374 4233 ergo
1383 4155 1470 4233 quusi

514 4267 567 4326 pro
575 4250 687 4310 moritis
694 4253 839 4332 cujusque
849 4252 972 4331 gretiam
983 4250 1140 4319 relaturus,
1148 4246 1278 4309 collecte
1288 4250 1470 4330 perditorum

515 4343 665 4406 bominum
679 4369 781 4418 menn,
796 4370 849 4430 pro
863 4348 1069 4410 liberatoribus
1085 4347 1204 4418 uenter,
1216 4347 1246 4406 in
1260 4345 1416 4408 Romanos
1425 4349 1471 4408 in-

515 4439 598 4502 leuto
616 4443 715 4506 euimo
731 4447 883 4508 militebet
892 4469 901 4518 ;
923 4457 955 4508 et
967 4467 1063 4527 egros,
1077 4447 1169 4516 vicos,
1185 4443 1297 4526 oppida
1310 4447 1473 4509 rebellibus
