3300 5225
393 584 497 655 tlttltt
523 582 664 635 xcvnt.
685 578 1025 665 sustentaturum..

142 726 314 806 quindecim
339 726 473 789 millibus
497 727 695 789 ααΙαιιωιιιπιο
714 726 858 809 spoliatus
881 736 938 789 est.
979 725 1094 787 Persen

1170 568 1256 635 4851

142 824 252 883 deinde
271 824 411 907 Philippi
432 824 541 897 filium,
561 834 629 907 post
644 825 741 887 multa
762 826 898 887 etruria
921 826 1094 896 certamina,
1178 830 1184 847 ⁴

142 922 224 1002 apud
237 920 449 983 Samothracas
462 921 546 983 Deos
558 929 712 1003 acceptum
725 925 755 983 in
767 922 869 996 fidem,
882 920 986 983 callidi
998 930 1032 981 et
1048 942 1096 981 re-

141 1028 274 1099 pertores
295 1018 438 1100 perfidius,
458 1020 531 1101 quia
550 1028 640 1101 pecto
661 1022 754 1082 vitam
774 1019 928 1092 dederant,
944 1020 1097 1079 insomniis

141 1116 290 1176 occidere.
342 1116 517 1189 Eumenem,
543 1119 630 1197 cujus
658 1118 820 1177 amicitiam
845 1114 972 1195 gloriose
996 1123 1096 1176 osten·

144 1219 222 1284 tant,
244 1213 328 1274 initio
344 1212 499 1294 prodidere
513 1212 680 1286 Antiocho,
695 1214 778 1295 psais
797 1213 973 1275 mercedem.
1006 1213 1097 1284 Post,

143 1308 286 1369 Attalum
311 1308 463 1371 custodem
490 1311 554 1388 agri
586 1311 698 1392 captivi
720 1310 864 1370 sumtibus
883 1318 915 1371 et
942 1318 1096 1371 contume-

142 1406 192 1467 liis
218 1426 256 1467 ex
288 1426 357 1486 rege
385 1408 578 1467 miserrimum
604 1426 752 1469 servorum
776 1407 921 1467 effecere:
941 1408 1097 1469 mmulato·
1200 1476 1205 1486 ,

142 1524 203 1584 que
224 1505 315 1585 impio
329 1512 517 1577 testamento,
531 1501 625 1565 lilium
640 1505 783 1566 Eumenis
796 1504 1011 1577 Aristonicum,
1024 1507 1098 1585 quia

142 1603 272 1681 patrium
296 1621 416 1681 regnum
438 1603 594 1683 petiverat,
611 1603 739 1663 hostium
759 1622 840 1663 more
851 1622 905 1683 per
917 1603 1097 1685 triumphum

142 1698 277 1759 duxero:
299 1700 379 1760 Asia
398 1702 438 1760 ab
454 1700 525 1782 ipsis
536 1702 657 1761 obsessa
668 1708 723 1761 est.
764 1700 922 1760 Postremo
933 1708 1027 1761 totam
1040 1700 1098 1759 Bi-

126 1796 291 1877 ·tlryniam,
302 1794 473 1857 Nicomede
486 1807 613 1869 mortuo,
623 1796 789 1879 diripuere;
811 1816 879 1857 cum
888 1795 969 1857 filius
976 1795 1099 1866 Nusae‚’

143 1912 236 1976 quam
248 1894 380 1971 reginam
392 1892 625 1975 appellaverant,
640 1894 755 1973 genitus
763 1892 845 1953 haud
857 1892 948 1953 dubie
958 1902 1045 1955 esset.

152 1979 155 1988 ἰ
185 1996 236 2049 bb.
259 1988 363 2049 ‘Nam
382 1989 453 2069 quid
470 2010 527 2069 ego
545 2010 592 2051 me
606 1990 776 2072 appellem?
798 1990 900 2057 Quem
916 1990 1098 2069 disjunctum

142 2084 275 2166 undique
289 2087 385 2165 regnis
396 2096 428 2147 ct
439 2088 605 2148 tetrarchiis
618 2087 658 2146 ab
671 2086 919 2167 imperiosorum,
933 2086 1005 2165 quia
1016 2084 1099 2147 fama

142 2190 213 2242 erat
224 2182 348 2243 divitem
363 2202 458 2263 neque
473 2185 647 2245 serviturum
659 2202 795 2264 esse,per
804 2181 1005 2243 Nicomedem
1016 2181 1101 2242 bello

141 2276 367 2351 lacessivenmt,
392 2279 510 2341 sceleris
532 2300 633 2340 eorum
657 2278 738 2339 haud
756 2280 903 2358 ignarum,
924 2286 1011 2339 etse
1031 2296 1099 2358 qum

142 2375 281 2436 accidere
302 2384 444 2437 testatum
458 2385 547 2438 antea
560 2376 727 2448 Cretenses,
746 2376 826 2437 solos
840 2376 971 2436 omnium
987 2375 1100 2435 liberos

141 2492 181 2531 ea
192 2480 382 2553 tempestate,
396 2481 427 2534 et
438 2492 538 2553 regem
550 2473 752 2535 Ptolemaeum
763 2474 798 2533 ll
832 2472 937 2553 Atque
950 2492 1006 2551 ego
1018 2470 1099 2532 ultus

143 2568 279 2648 injurius,
301 2568 502 2632 Nicomedem
526 2571 672 2654 Bithynis
692 2570 816 2653 expuli3
840 2568 1006 2650 Asiamque
1028 2588 1098 2651 spo-

143 2665 218 2726 lium
230 2667 308 2746 regis
320 2665 467 2730 Antiochi
483 2668 601 2750 recepi;
623 2677 654 2729 et
670 2667 799 2728 Graeuioe
816 2667 912 2728 demsi
931 2687 1021 2746 grave
1036 2685 1098 2725 ser-

142 2763 261 2824 vitium.
305 2762 434 2845 Incepta
460 2784 528 2826 mea
555 2773 720 2846 postremus
741 2783 892 2826 servornm
917 2761 1098 2834 Archelaus,

143 2860 277 2920 exercitu
291 2859 418 2940 prodito,
432 2860 604 2942 impedivit:
627 2861 732 2942 illique
742 2881 817 2942 quos
826 2861 957 2940 ignaria,
967 2867 1020 2920 sut
1029 2877 1097 2940 pra·

144 2977 186 3018 rs
198 2955 363 3029 calliditas,
384 2957 428 3017 nti
449 2959 523 3018 meis
541 2957 693 3018 laboribus
708 2959 766 3018 tuti
781 2964 889 3028 essent,
906 2955 995 3016 armis
1007 2955 1100 3016 absti-

144 3054 222 3125 nuit,
247 3052 453 3114 aeerbissimas
475 3073 575 3135 penus
595 3053 729 3114 solvunt:
752 3054 936 3114 Ptolemaeus
955 3049 1098 3132 pretio'in

144 3149 209 3210 dies
225 3149 339 3210 bellum
360 3150 533 3232 prolatanst
557 3149 713 3219 Cretenses
727 3149 894 3233 impugnati
913 3146 1005 3209 semel
1019 3148 1100 3226 jam,

143 3267 243 3327 neque
255 3245 356 3320 linem,
370 3248 427 3308 nisi
438 3246 569 3320 excidio,
583 3249 723 3310 babituri.

187 3351 239 3409 tt.
261 3345 429 3426 ‘Equidem
442 3365 510 3406 eum
523 3347 596 3407 milri
606 3347 646 3406 ob
656 3347 787 3427 ipsorum
797 3338 1101 3404 internamaladileta

146 3441 252 3523 praelia
274 3443 379 3522 magis,
399 3447 491 3522 qisam
509 3461 611 3524 pacem
632 3441 746 3513 datam,
768 3439 961 3519 intelligerem
972 3459 982 3508 ς
1003 3437 1104 3498 abnu-

145 3547 215 3598 ente
227 3534 367 3618 Tigrane,
387 3539 438 3619 qui
459 3558 526 3600 mea
541 3539 624 3601 dicta
638 3559 704 3601 sero
724 3538 843 3621 probat,
860 3546 891 3597 te
905 3545 1019 3597 remoto
1031 3551 1100 3615 pro·

143 3635 208 3707 cul,
229 3637 365 3696 omnibus
386 3635 454 3697 eliis
473 3637 621 3710 obnoxiis,
641 3655 741 3697 rursus
755 3644 854 3696 temen
874 3633 989 3693 bellum
1006 3629 1098 3715 cepi:

179 3865 193 3893 ⁰
211 3861 352 3917 Quindecies
378 3861 481 3914 millibus
505 3864 606 3913 talento·
673 3859 778 3910 usses
794 3872 848 3923 psa
864 3855 971 3906 accidere
988 3855 1102 3903 teststssss

145 3917 213 3990 rsit]
230 3926 328 3976 blateis
354 3929 456 3990 sreentl
483 3931 604 3978 lectitet.
640 3931 712 3976 ostes
732 3923 939 3982 Cretensesmlos
953 3919 1058 3969 assatam
1069 3918 1101 3966 tt·
1132 3948 1134 3952 ι

147 3991 271 4040 Ceterum
286 3991 441 4042 Sallustiana
460 3991 608 4056 fragments
641 3991 706 4040 teu
716 4005 743 4039 so
759 3991 906 4051 tempestate,
916 3991 940 4034 et
950 3999 1030 4046 regest
1040 3982 1102 4031 Pto·

146 4053 279 4106 bsbsbsnt
299 4059 378 4106 decess
395 4056 510 4108 mulabus.
543 4059 607 4108 Cor·
641 4055 761 4119 kmsn]
779 4046 1101 4110 Vsrisnsediti,sedboeo

146 4121 219 4170 rexit
238 4121 429 4172 Freinshemius
438 4137 471 4172 ex
488 4123 563 4173 blslo
578 4130 608 4173 et
643 4117 813 4185 proculdubio
824 4111 1035 4166 sersestlectio.
1054 4109 1101 4158 Di·
1167 4141 1172 4150 .

148 4185 281 4250 Appiano.
300 4188 371 4236 creo.
642 4187 678 4236 cit
690 4182 923 4234 Mitlrrldstessese
931 4192 962 4228 es
970 4191 1029 4252 qum
1041 4180 1104 4237 post

180 4250 349 4316 vemfittas
367 4250 454 4316 Nasu]
472 4251 606 4312 Valdaln·
642 4249 773 4307 accidere,
792 4245 947 4311 praedixisse
970 4254 1027 4305 μαι
1045 4248 1102 4289 tum

148 4321 224 4366 cesta
235 4325 275 4365 est
283 4317 358 4380 liujus
366 4317 416 4368 loci
423 4317 568 4380 scripturas
580 4323 608 4366 et
643 4313 811 4365 Cretensibus
829 4318 858 4360 et
870 4309 927 4372 regi
946 4307 1102 4358 Ptolemaeo.

148 4389 208 4432 tota
220 4395 270 4441 ras,
285 4382 459 4432 monumentis
477 4382 607 4432 historicis
645 4380 718 4430 Cres.

148 4445 341 4509 deficientibus,
359 4447 609 4511 perobscurum.
