3300 5225
821 569 822 574 ’
859 597 895 646 r.
918 597 1016 648 urvn

540 745 686 809 senatum,
705 747 740 800 ut
757 737 796 798 de
812 739 940 800 remedio
956 747 1144 821 quereretur.
1186 739 1308 822 Quippe
1325 742 1395 801 nori
1412 741 1496 836 cives

539 833 576 906 si,
589 833 670 916 quod
683 835 884 916 postulabant,
899 837 965 918 pari
981 837 1100 896 omnino
1114 839 1184 916 jure
1196 857 1265 897 cum
1284 839 1434 899 veteribus
1445 859 1493 901 as·

539 938 617 1002 sent,
631 951 735 1012 parum
746 933 860 1004 aberat,
874 933 947 1014 quin
958 942 1050 1015 capta
1061 934 1102 994 ab
1115 933 1204 994 Italis
1215 933 1320 1000 Roma
1331 935 1497 999 videretur·
1546 917 1549 927 ¹

538 1025 676 1088 Numero
688 1029 767 1088 enim
780 1029 868 1108 longe
887 1031 1049 1110 superiores
1062 1041 1166 1102 erant;
1184 1040 1216 1091 et
1233 1051 1271 1092 ne
1289 1029 1389 1093 omnia
1405 1033 1445 1093 ad
1458 1055 1493 1094 ss

536 1124 698 1214 traherent,
718 1145 798 1185 more
820 1127 930 1204 ingenii
946 1126 1080 1199 humani,
1096 1127 1177 1208 quod
1194 1127 1281 1187 ualle
1298 1131 1491 1208 prosperitate

535 1223 670 1293 sabatur,
684 1221 766 1282 baud
778 1223 924 1282 immerito
936 1223 1106 1285 timebatur.

576 1305 626 1380 bb.
648 1319 713 1396 Per
731 1337 868 1381 censores
889 1323 1052 1402 optimust
1070 1321 1216 1382 utisirm
1233 1319 1395 1382 deliniendi
1409 1324 1492 1402 juris

535 1435 636 1476 eorum
655 1418 707 1478 ria
728 1427 812 1479 orat:
838 1418 891 1479 sed
913 1427 1041 1500 tempus,
1066 1440 1127 1500 quo
1148 1439 1188 1480 ex
1209 1419 1302 1481 reteri
1321 1439 1402 1479 more
1424 1419 1490 1482 fieri

535 1515 703 1596 oportebat,
712 1515 842 1576 nondum
852 1516 1080 1598 propinquabat.
1119 1515 1267 1587 Tandem,
1275 1524 1311 1575 ut
1319 1536 1422 1577 rerum
1431 1527 1488 1590 est,

422 1691 425 1698 Ι
534 1611 658 1673 utilitati
672 1613 801 1694 publica
813 1614 926 1694 pristini
940 1616 1029 1674 moris
1037 1614 1205 1690 observatio
1216 1615 1316 1684 oessit,
1331 1614 1414 1693 quod
1424 1635 1490 1676 cre·

535 1711 579 1768 ari
591 1729 725 1771 censores
738 1731 755 1771 e
768 1711 923 1791 republica
928 1707 998 1771 'esse
1009 1710 1092 1772 nullo
1103 1710 1193 1771 modo
1203 1711 1405 1771 dubitabatur.

371 1804 527 1871 ruticupit.
576 1811 625 1868 56.
647 1807 689 1868 P.
704 1807 835 1868 Licinius
853 1807 900 1867 Μ.
916 1808 952 1869 F.
967 1807 1009 1868 P.
1028 1807 1073 1870 N.
1093 1808 1230 1879 Cmssus,
1243 1807 1278 1868 L.
1290 1807 1391 1868 Julius
1401 1807 1437 1867 L.
1449 1807 1487 1870 F.

369 1903 478 1970 Appias.
535 1903 609 1966 Sex.
623 1903 668 1966 N.
684 1903 786 1966 Caesar
798 1906 902 1977 creati,
916 1926 1009 1968 novos
1019 1908 1102 1966 cives
1113 1906 1248 1966 tribubus
1256 1906 1386 1986 antiquis
1398 1893 1493 1985 quin-¹

533 2023 592 2084 que
612 2012 643 2064 et
661 2003 782 2081 triginta
797 2023 855 2063 nou
876 2004 1107 2075 immiscuerunt,
1123 2002 1177 2064 sed
1196 2003 1315 2063 seorsim
1336 2004 1490 2065 recensitis

533 2121 625 2162 novas
636 2103 852 2162 constituerunt
865 2102 971 2173 tribus,
989 2121 1057 2182 quae
1070 2110 1137 2182 post
1149 2100 1288 2181 antiquas
1298 2109 1485 2163 vocarentur.

368 2199 434 2251 vell.
441 2215 471 2250 n.
479 2205 521 2254 eu.
533 2195 585 2258 Sic
598 2197 702 2271 fiebat,
715 2207 750 2258 ut
761 2199 812 2280 qui
830 2218 952 2260 numero
963 2199 1127 2280 superaturi
1141 2199 1253 2279 priores
1264 2199 1344 2259 eires
1355 2196 1488 2270 fuerunt,

367 2296 476 2362 Appias.
530 2295 706 2375 sisuffrugia
716 2297 821 2357 iisdem
834 2298 866 2356 iu
878 2298 1012 2358 tribubus
1022 2295 1099 2356 ferre
1111 2296 1284 2367 sinerentur,
1294 2296 1315 2354 ii
1326 2295 1432 2374 'rejecti
1444 2295 1484 2357 ad

529 2401 673 2465 extrema,
687 2391 859 2475 plerumque
868 2395 1044 2474 supervacui
1053 2393 1175 2453 fierent:
1191 2411 1246 2452 nec
1255 2391 1350 2451 ullum
1363 2393 1392 2450 in
1406 2393 1484 2472 pub-

528 2489 594 2550 licis
619 2488 885 2550 consultationibus
909 2499 1090 2550 momentum
1112 2488 1255 2550 iscerent.
1297 2488 1377 2548 Cum
1402 2490 1484 2550 enim

527 2607 613 2647 omne
627 2587 729 2669 populi
741 2588 847 2648 scitum
865 2588 973 2667 maj0ri
984 2587 1114 2647 tribuum
1128 2593 1213 2667 parte
1219 2585 1345 2664 jubente
1358 2585 1484 2666 perinde

527 2683 695 2757 baberetur,
714 2684 842 2767 quamsi
856 2687 972 2767 jussum
986 2684 1026 2744 ab
1047 2682 1317 2752 omnibusiuisset3
1332 2682 1421 2743 simul
1435 2692 1482 2744 at-

422 2822 427 2829 -
528 2802 585 2862 que
596 2782 692 2853 ,tribus
704 2802 772 2863 quae
784 2781 864 2861 prius
880 2789 996 2842 vocatia
1013 2780 1142 2850 luerunt,
1160 2798 1313 2839 numerum
1325 2778 1411 2839 illum
1425 2780 1481 2838 im-

527 2878 656 2958 plessent
667 2877 826 2957 suffragiis,
839 2878 992 2939 decretum
1008 2885 1084 2947 eret,
1097 2894 1154 2936 uec
1168 2874 1248 2934 ultra
1260 2875 1382 2955 relique
1393 2894 1481 2954 roga-

526 2974 645 3035 bantur.
687 2974 730 3035 Et
750 2984 812 3033 tum
830 2974 963 3054 quidem,
983 2994 1042 3034 non
1060 2971 1361 3033 animadvertentibus
1380 2973 1480 3044 sociis,

527 3080 579 3131 sut
592 3070 725 3151 quolibet
738 3079 826 3152 pacto
840 3071 994 3130 civitatem
1008 3068 1132 3150 adipisci
1145 3069 1288 3150 properis,
1302 3087 1360 3127 nou
1373 3068 1480 3129 inutile

524 3167 557 3226 id
574 3167 727 3228 consilium
749 3166 816 3227 init.
859 3166 1049 3227 Procedente
1064 3174 1172 3233 umen.
1186 3174 1318 3246 tempore
1332 3184 1425 3225 noras
1441 3184 1481 3226 ea
1496 3247 1498 3252 Ι

526 3284 573 3323 res
590 3265 736 3324 excitavit
752 3263 925 3324 discordias.

321 3394 327 3405 ι
381 3361 435 3415 cic.
446 3380 490 3429 pro
545 3368 615 3425 -ὅτ,
638 3360 691 3420 Ab
704 3358 807 3420 iisdem
820 3356 1000 3431 censoribus,
1013 3377 1185 3439 quanquam
1198 3376 1267 3438 pars
1279 3356 1383 3437 populi
1394 3356 1479 3423 nulla

361 3426 436 3479 mh·
447 3446 469 3481 ⁰·
481 3438 507 3485 ⁶·
524 3476 613 3518 censa
626 3467 712 3529 esset,
733 3458 857 3518 lustrum
874 3466 974 3516 tamen
989 3456 1147 3537 septimum
1158 3462 1247 3533 atque
1260 3453 1477 3531 sexagesimum

281 3546 284 3553 ’
377 3524 445 3659 {2312
455 3546 492 3636 53¹,
523 3554 674 3615 conditum
687 3563 756 3615 est·
797 3552 836 3614 Id
850 3553 991 3633 quoniam
1004 3554 1067 3611 sine
1084 3548 1206 3611 decreto
1219 3568 1362 3629 augurum
1374 3548 1476 3634 buerit,

289 3658 293 3664 '
441 3626 481 3663 Μ’
523 3648 628 3710 infelix
649 3651 760 3731 populo
778 3648 920 3710 Romano
940 3648 1039 3721 luisse,
1061 3646 1210 3707 Veranius
1227 3647 1259 3705 in
1277 3644 1476 3739 auspiciorum

521 3746 599 3807 libro
612 3746 751 3828 prodidit.

560 3851 610 3905 68.
633 3842 736 3925 Opera
763 3844 897 3904 censoria
923 3840 1007 3901 nulla
1032 3839 1132 3900 locata
1157 3837 1352 3919 reperiuntur.
1393 3836 1475 3898 (lum

435 4014 443 4027 ¹
519 3940 599 4002 vitiis
611 3950 643 4001 et
655 3940 728 4001 luxu
742 3950 890 4001 certamen
901 3938 975 3999 luit:
989 3956 1057 4019 quoe
1070 3937 1163 4019 pestis
1172 3933 1385 4014 nimiisopibus
1395 3943 1474 4004 orta,

500 4069 504 4075 ·
519 4040 609 4099 etiam
624 4040 654 4098 in
668 4046 842 4120 paupertate
860 4045 894 4097 et
906 4056 964 4096 aere
976 4035 1079 4097 alieno
1087 4033 1269 4093 remanebat.
1311 4029 1363 4090 Ac
1382 4030 1473 4093 iidem

549 4212 561 4239 ⁸
577 4204 693 4255 Lustrum
713 4210 790 4256 lmen
803 4204 977 4257 ...conditur
1012 4210 1061 4259 tas,
1073 4199 1121 4251 sed
1136 4213 1227 4264 parum
1245 4210 1279 4246 ex
1288 4210 1363 4254 vero,
1374 4196 1473 4260 allege-

516 4268 566 4332 est]
591 4268 650 4319 Hoc
670 4279 699 4318 st
721 4286 812 4335 parurn
841 4268 976 4335 probabile
1012 4276 1063 4316 tur.
1097 4266 1224 4315 llleenirn
1242 4262 1471 4339 sittaptummodc

518 4342 715 4397 esnceosumu
726 4344 785 4387 acto
798 4338 906 4385 lustrum
915 4348 976 4383 cou-
1010 4335 1112 4382 lum
1131 4330 1299 4393 portusaliae,
1318 4326 1348 4377 nl
1366 4334 1419 4389 est,
1437 4340 1472 4379 eo

516 4399 601 4450 ditum
620 4414 691 4461 esue;
710 4416 758 4451 nec
776 4401 904 4451 Veranius
922 4410 978 4449 aue·
1011 4396 1187 4463 quinquennio
1209 4392 1395 4458 rempublicam
1423 4406 1471 4456 pa·

513 4465 637 4524 monuit,
648 4464 712 4516 licet
721 4466 977 4531 infraejussoctorl·
1012 4472 1201 4528 rumprospere
1209 4466 1308 4526 gestam
1316 4470 1384 4512 esre.
1397 4456 1472 4510 crau
