3300 5225
343 594 448 644 uranu
474 591 648 643 nxxvrrr.
669 592 995 645 surrnnnarrruu.
1115 555 1118 560 ⁵
1139 576 1229 646 1553

114 736 293 799 amnibus
308 734 495 797 ballistarum
514 736 760 818 scorpionumque
773 734 841 797 talis
855 736 953 818 petiti,
967 732 1064 798 reces-

114 842 219 895 serunt.
260 833 316 895 Ab
335 835 393 895 hoc
413 842 545 917 tempore
568 833 772 905 Mithridates,
795 834 892 895 donec
914 834 1066 916 pedeshes

114 932 202 1013 copae
216 931 417 1001 advenimcnt,
434 933 654 1014 oppugnatione
674 932 836 993 abstinuit:
857 932 938 994 laria
949 942 1067 996 tautum

113 1032 272 1092 certamina
283 1030 432 1091 admuros
441 1029 563 1091 fiebant.
585 1030 705 1097 Quibus
716 1030 890 1112 plerumque
902 1031 1068 1112 superiores

115 1126 238 1198 Rhodii,
256 1128 351 1207 magis
373 1128 525 1208 magisque
536 1126 789 1188 confirmabantur
803 1127 919 1193 animis.
931 1135 1066 1207 paratas·

114 1243 167 1303 que
178 1224 221 1283 ad
233 1222 416 1297 audendum,
429 1225 455 1283 si
468 1244 529 1305 qua
541 1224 660 1285 occasio
672 1242 703 1283 sc
715 1222 860 1297 dedisset,
869 1242 963 1285 nares
974 1223 1068 1284 habe·

115 1320 191 1381 hant.

150 1422 201 1477 2⁰.
226 1415 318 1477 Forte
340 1416 369 1476 in
387 1417 552 1477 onerariam
572 1436 611 1477 en
630 1416 718 1495 regiis
737 1389 845 1497 pitater
862 1424 981 1497 portum
998 1416 1070 1477 vela

116 1510 281 1587 hoientm,
295 1513 421 1575 Rhodia
434 1514 563 1575 dicrotos
578 1516 697 1575 invecta
710 1513 817 1573 iuerat.
860 1512 916 1574 Ab
934 1514 993 1575 hoc
1012 1514 1070 1573 ini-

114 1612 164 1682 tio,
189 1632 261 1672 cnm
281 1612 428 1691 utrimque
454 1610 494 1671 ad
519 1630 638 1671 suorum
668 1609 814 1671 auxilium
844 1609 949 1670 multae
979 1628 1072 1670 naves

115 1708 356 1787 adremigassent,
370 1708 401 1767 in
415 1728 484 1768 acre
497 1718 648 1769 certamen
670 1708 822 1768 contentio
841 1706 965 1767 evaluit.
1007 1705 1072 1767 Diu

116 1924 165 1985 par
176 1912 374 1983 utrorumque
387 1902 477 1963 robur
496 1912 584 1964 esset.
626 1900 758 1962 Rhodiis
770 1922 818 1963 ars
831 1901 1071 1981 gubernatorum,
1100 1911 1176 1963 Diod
1193 1926 1234 1977 ap.

113 2000 182 2060 ordo
193 2003 329 2070 narium,
348 2001 455 2083 peritia
474 2002 616 2079 remigum
632 1999 753 2085 derat:
776 1997 983 2080 praefectorum
996 2018 1071 2079 quo-
1084 1978 1142 2028 V'l·

114 2118 168 2179 quc
178 2097 371 2170 dexteritate,
386 2106 417 2157 et
429 2097 581 2159 usualium
593 2098 740 2159 sociorum
753 2098 863 2157 virtute
879 2097 1072 2178 prastabant.

114 2194 238 2256 Pontici
250 2194 462 2255 maritimarum
480 2213 576 2255 renum
597 2194 696 2265 rudes,
709 2214 768 2271 non
786 2194 885 2254 minua
903 2193 979 2253 inter
995 2214 1072 2264 mse,

115 2290 202 2374 qoam
223 2294 264 2353 ab
277 2291 411 2353 hostibus
430 2292 645 2353 turbabantur:
667 2292 710 2352 ita
728 2290 849 2372 quidem
869 2288 1026 2369 flagitiose,
1039 2300 1074 2351 ut

115 2388 378 2470 obscurisque
400 2389 569 2450 Mithridati
590 2389 751 2461 militabat,
773 2389 803 2449 in
825 2388 991 2470 praetoriam
1012 2407 1074 2468 qua
1083 2408 1192 2475 Appias.

114 2506 162 2547 rex
175 2488 242 2568 ipse
255 2487 419 2547 vehebatur
432 2485 521 2555 illisa,
535 2506 643 2565 magno
662 2486 745 2547 illam
765 2487 880 2567 impetu
898 2503 1072 2546 coccum

115 2590 228 2646 tantum
244 2604 303 2644 aon
316 2583 504 2665 deprimeret.

151 2687 201 2742 al.
230 2682 347 2742 Animis
365 2691 466 2742 tamen
487 2681 650 2762 aequabant
667 2681 794 2752 hostem,
809 2679 892 2761 quod
907 2681 964 2741 surb
975 2680 1074 2741 oculis
1085 2703 1161 2754 Diod.

115 2777 303 2838 Mithridatis
314 2778 515 2859 pugnabatur,
534 2778 583 2838 cui
602 2776 692 2838 fide'm
705 2797 790 2838 suam
802 2779 999 2858 virtutemque
1019 2797 1074 2858 ap-

116 2875 239 2954 probare
251 2875 423 2956 cupiebant.
457 2875 520 2962 'Ad
533 2874 589 2936 hoc
602 2875 794 2949 multitudiue
807 2875 930 2935 navium
942 2874 1075 2956 superio-
1087 2892 1195 2962 Appias

115 2991 169 3042 res,
186 2971 373 3034 circumdare
396 2973 506 3045 hostes,
529 2979 561 3034 et
582 2972 613 3033 in
633 2971 763 3034 madium
784 2979 924 3054 acceptos
943 2969 1076 3051 undique

116 3087 217 3148 urgere
236 3069 415 3130 nitebantur.
459 3067 521 3130 Sed
537 3070 569 3130 id
588 3069 754 3152 periculum
768 3068 885 3130 Rhodii
896 3067 1003 3129 eadem
1014 3085 1077 3147 qua

117 3169 194 3249 prins
217 3178 282 3230 arte
303 3170 453 3230 vitamnt:
484 3169 691 3249 trirememque
708 3188 800 3228 unam
821 3186 892 3228 cum
913 3165 986 3248 ipm's
1007 3165 1078 3227 viris

115 3275 234 3346 captam
246 3267 380 3328 remulco
392 3267 553 3338 trahentes,
567 3265 670 3326 multis
689 3259 881 3326 armamentis
898 3271 992 3344 atqua
1007 3281 1076 3344 spo-

115 3361 162 3422 liis
179 3365 276 3424 onnsti
299 3365 330 3424 in
353 3373 468 3446 portum
489 3363 649 3425 rediemnt.
692 3363 740 3424 At
752 3371 911 3446 postquam
924 3360 1078 3422 recensitis

116 3459 241 3522 naribus
259 3463 363 3523 abesse
376 3463 618 3544 quinqueremem
636 3460 750 3532 videre,
765 3461 862 3540 ignari
884 3460 925 3520 ab
944 3457 1078 3519 hostibus
1182 3460 1187 3468 '

115 3565 245 3638 captam,
266 3559 423 3639 questum
443 3579 510 3620 eam
532 3559 698 3620 velociores
719 3557 826 3620 ceteris
848 3576 941 3617 naves
961 3573 1016 3615 sax
1037 3552 1077 3615 ds

116 3655 196 3714 omni
227 3674 349 3716 numero
381 3655 536 3735 longarum
567 3655 729 3716 emittunt:
758 3655 790 3714 in
815 3653 862 3714 his
889 3652 1078 3730 Damagorus

117 3761 189 3824 arat,
211 3752 316 3814 classis
337 3751 468 3816 Rhodia
488 3752 654 3835 prefectus.
695 3751 838 3816 Vicissim
859 3772 879 3811 a
895 3769 966 3829 rege
984 3765 1078 3809 nares

117 3849 252 3930 quinque
269 3859 300 3911 et
318 3851 423 3930 viginti
443 3869 597 3912 occurrere
614 3851 777 3930 jubentur:
800 3867 876 3929 quas
888 3845 1078 3924 Damagoras

118 3966 185 4005 cum
199 3945 240 4008 ad
251 3947 323 4008 solis
336 3967 474 4010 occasum
487 3967 581 4028 usqua
599 3945 741 4022 cedendo,
752 3945 898 4016 elusisset,
911 3941 1077 4004 madenti-

117 4043 172 4104 bus
183 4043 320 4106 invectus
332 4045 579 4128 duasdepressit3
594 4043 718 4106 totidem
732 4043 770 4105 ad
784 4045 966 4125 importuosa
973 4039 1078 4120 Lycio

116 4139 221 4201 littora
239 4141 401 4222 compulit:
421 4151 453 4203 et
472 4143 549 4204 inter
565 4143 631 4204 hacc
649 4150 736 4202 nocte
755 4149 922 4211 consumta,
935 4135 1078 4221 postridie

119 4231 264 4298 Rhodum
277 4259 409 4300 reversus
421 4247 476 4300 est.

155 4341 209 4395 22.
234 4334 423 4398 Mithridates
446 4357 516 4398 cum
537 4344 622 4398 tanto
644 4335 833 4418 paucioribus
853 4353 908 4415 psr
929 4351 993 4393 essa
1018 4348 1078 4391 non
1106 4339 1243 4392 Vatbtsx.

120 4429 275 4512 l⁰l¹¹l⁸⁹l²
288 4435 316 4494 l¹¹
331 4431 424 4495 ellim
443 4433 551 4495 effudit
570 4435 658 4504 immi
670 4435 786 4515 totique
805 4425 921 4495 civitati
938 4431 1079 4500 samatus,
1091 4423 1117 4460 v.
1127 4412 1242 4461 ΗΜ·

182 4545 456 4611 ὒῑιμεθγανῶἱω.
618 4569 622 4576 ·
652 4547 746 4600 Liuius.
1102 4543 1133 4591 13
1150 4537 1176 4590 0
1238 4610 1239 4613 ¹
