3300 5225
379 582 483 633 arani
507 582 646 633 xcvrn.
668 580 993 635 conscensurum.
1155 569 1242 635 4841

127 746 218 809 opum
238 724 379 809 cupidum
398 725 482 787 bella
493 746 591 787 serere
602 746 641 787 ex
654 726 753 811 bellis,
765 735 799 788 ut
811 726 933 809 publico
949 708 1083 808 periculo

128 825 254 907 privatis
276 822 450 885 libidinibus
477 823 684 895 enumeret:
709 822 854 886 invidiose
881 825 1081 905 querentibus.

128 922 191 983 Sed
212 921 277 993 ille,
300 920 428 1003 placatis
448 929 609 1001 utcumque
629 920 783 992 militibus,
804 920 835 980 in
856 919 1082 1001 Cappadociam

127 1020 227 1093 duxit,
240 1028 274 1079 ut
286 1020 328 1079 ibi
342 1017 556 1081 Ariobarzanis
567 1019 675 1100 opibus
694 1018 884 1099 amicitiaque
904 1018 1084 1100 apparandis
1095 1024 1222 1077 Memnon.

127 1136 197 1197 quae
209 1136 280 1177 usus
291 1115 363 1177 belli
382 1117 546 1199 poscebant
565 1116 745 1187 instructior,
759 1116 810 1175 ubi
828 1116 955 1196 primum
967 1124 1083 1197 tempus

127 1216 199 1275 anni
212 1220 374 1294 pateretur,
389 1211 573 1293 Euphratem
585 1211 817 1275 transcenderet.

169 1316 221 1371 28.
244 1308 319 1371 Hoc
344 1329 422 1369 anno
444 1309 558 1369 tristem
581 1310 612 1368 in
632 1309 704 1369 urbe
731 1328 885 1369 censuram
906 1307 941 1369 L.
964 1306 1085 1369 Gellius
1094 1318 1222 1385 Italtpit.

129 1405 304 1487 Poplicola,
331 1405 391 1466 Cn.
416 1404 574 1467 cornelius
601 1404 743 1467 lentulus
764 1405 930 1467 Clodianus
951 1414 1084 1485 egerunt,

126 1513 257 1585 quatuor
268 1512 299 1565 et
310 1504 466 1583 sexaginta
478 1512 581 1565 senatu
595 1504 693 1565 motis.
724 1502 764 1563 In
776 1503 824 1563 his
836 1512 869 1564 et
880 1501 919 1563 (l.
932 1502 1085 1563 Antonius
1113 1515 1208 1565 nscia

127 1602 197 1675 luit,
213 1601 313 1663 blanci
325 1601 449 1661 oratoris
461 1600 550 1663 filius.
585 1600 759 1661 caicamus
770 1599 1002 1681 subscripserunt
1013 1620 1084 1659 cen·
1094 1578 1242 1681 wem

126 1720 219 1771 sores,
234 1698 340 1780 ‘quod
357 1698 453 1759 socios
469 1697 643 1780 diripuerit;
665 1697 747 1778 qnod
759 1698 920 1778 judicium,
940 1696 1022 1779 apud
1035 1696 1082 1758 M.

130 1794 288 1857 Lucullum
300 1805 457 1878 praetorem
469 1806 636 1869 accusatus,
647 1796 799 1867 recusarit,
807 1796 887 1877 turpi
894 1795 1085 1874 allegatione,
1108 1812 1173 1862 Prot.
1182 1809 1248 1860 cer.

129 1914 160 1953 se
173 1913 242 1955 cnm
256 1893 373 1955 Graecis
392 1894 561 1955 bominibus
575 1894 605 1953 in
625 1892 712 1954 Urbe
732 1912 789 1954 non
807 1914 893 1974 posse
911 1902 998 1973 aequo
1015 1894 1085 1971 jure
1096 1885 1181 1993 mn

129 1992 328 2062 contendere;
351 1992 432 2073 quod
445 2001 566 2075 propter
577 1992 643 2052 aeris
658 1992 749 2053 alieni
762 1990 996 2071 magnitudinem
1010 2009 1085 2072 prar-
1182 1977 1191 1993 ⁸

127 2088 180 2149 dia
202 2090 390 2171 manciparit,
411 2092 550 2171 bonaque
567 2108 623 2151 sua
641 2090 671 2149 in
693 2096 840 2171 potestate
862 2108 921 2149 non
943 2088 1087 2149 haberet'
1113 2081 1181 2132 ΡΜ
1196 2079 1250 2131 ⁰5⁰·

131 2186 235 2247 Etiam
248 2187 290 2248 P.
304 2185 449 2249 lentulus
463 2185 551 2260 Sura,
564 2188 616 2269 qui
637 2206 730 2269 nuper
746 2186 849 2249 couml
862 2186 969 2258 luerat,
982 2195 1086 2247 senatu
1097 2150 1174 2266 chag:
1188 2210 1206 2257 l.
1263 2176 1268 2182 ⁴

129 2293 229 2347 motus
241 2293 297 2355 est,
311 2294 343 2345 et
356 2285 398 2354 Q.
411 2284 532 2358 Curius,
541 2286 708 2346 notissimus
717 2284 842 2356 aleator,
855 2284 1007 2363 ceterique
1016 2304 1087 2345 mox
1099 2290 1208 2323 xxxvu.
1224 2338 1231 2351 ,

130 2378 169 2439 ad
182 2379 369 2441 Catilinariae
382 2382 597 2461 conjurationis
609 2381 707 2442 scelus
718 2401 777 2441 non
795 2391 858 2441 tam
873 2381 932 2441 hnc
951 2382 1086 2441 censoria
1095 2340 1249 2468 Tpgspffin

129 2490 212 2553 nota,
226 2500 317 2562 quam
335 2479 433 2541 musis
448 2480 517 2541 aliis
531 2480 661 2562 impulsi.
705 2479 843 2541 Lustrum
861 2478 970 2540 deinde
983 2478 1086 2539 condi·
1113 2468 1238 2521 ΗΜ*

128 2585 194 2638 tom
206 2586 264 2640 est.
306 2575 425 2638 civium
439 2578 576 2660 amplior,
590 2598 682 2660 quam
695 2586 776 2650 ante,
797 2597 946 2649 numerus,
960 2578 1088 2660 receptio
1097 2538 1232 2664 {impia

128 2674 158 2734 in
169 2673 251 2735 idem
258 2676 311 2754 jus
323 2675 469 2736 sociorum
478 2675 607 2758 populis,
619 2675 687 2736 fuit.
719 2675 832 2756 Capita
845 2683 992 2753 nongenta
1001 2675 1086 2756 quin·
1114 2665 1185 2743 13³⁹*
1198 2663 1249 2711 Μ·

128 2772 276 2851 quaginta
295 2771 392 2832 millia
411 2791 510 2834 censa.
553 2771 726 2854 Principem
744 2781 863 2832 senatus
876 2773 919 2840 Q.
934 2772 1086 2833 Lutatium
1097 2733 1251 2844 ’ἔιιζᾷἶῆῐ

133 2865 437 2946 Gamlumlegerunt.
1115 2858 1176 2921 Dio,

170 2971 222 3028 29.
244 2964 398 3026 Paridem
418 2974 535 3047 tempus
551 2965 586 3028 L.
604 2965 748 3028 Metellus
763 2965 876 3026 Sicilire
897 2973 1005 3046 prator
1025 2986 1087 3026 rem
1098 2937 1229 3050 ᾓχνέριι

131 3061 276 3124 adversus
293 3061 406 3144 piratas
423 3083 560 3144 prospere
574 3065 673 3143 gessit.
708 3061 793 3124 Nam
808 3064 885 3122 inter
897 3061 1088 3123 foedissimam
1097 3078 1251 3132 Oroanna

131 3157 171 3219 G.
195 3157 302 3220 Verris
319 3168 477 3241 praeturam
497 3159 654 3240 Pyrganio
674 3159 854 3242 archipirata
868 3158 1088 3242 Syracusanum

129 3265 261 3337 portum,
290 3255 377 3337 pulsa
395 3256 489 3317 classe
513 3256 666 3330 Romana,
695 3255 875 3327 obtinuerat,
902 3255 1088 3336 insulamque

128 3351 200 3414 inde
217 3349 352 3414 cedibus
372 3353 541 3434 rapinisque
564 3353 668 3414 misere
690 3348 844 3414 vexabat¹
882 3351 978 3412 Hune
994 3353 1089 3431 'igitur

130 3448 278 3510 Metellus
300 3450 428 3510 terrestri
446 3449 605 3530 navalique
624 3449 727 3530 praelio
745 3450 858 3510 victum
875 3448 1031 3530 profugere
1048 3469 1087 3508 ex

130 3545 238 3608 Sicilia
249 3546 359 3626 coegit,
373 3531 537 3627 pacemque
551 3547 711 3628 provincie
724 3546 864 3608 reddidit.

171 3649 223 3704 30.
245 3643 350 3705 Finem
363 3645 455 3724 hujus
472 3645 543 3705 anni
558 3643 659 3704 lartum
676 3643 766 3716 Urbi,
785 3644 881 3704 reditu
900 3663 954 3703 suo
969 3643 999 3701 in
1021 3662 1087 3720 gra·

124 3741 217 3812 tien,
231 3741 291 3802 duo
306 3742 501 3824 potentissimi
513 3743 568 3805 viri
580 3742 745 3824 Pompeius
758 3741 943 3820 Crassusque
952 3738 1089 3800 consules
1116 3743 1184 3793 Plut.

127 3837 240 3900 fecere.
284 3839 338 3901 Illi
356 3841 500 3902 hactenus
521 3841 702 3902 retinuerant
722 3840 872 3901 exercitus
893 3857 972 3909 suos,
992 3856 1087 3914 neque
1100 3809 1186 3925 {ff
1198 3815 1225 3857 ‘t

161 4051 310 4119 'Pergam
325 4055 591 4122 catanensem·
627 4069 654 4104 n.
677 4057 766 4106 oa-us.
798 4053 828 4104 si
842 4065 909 4110 aum
931 4051 1089 4100 obtinuisset

127 4133 216 4168 mna
231 4125 329 4183 must
343 4153 384 4171 0..
400 4122 592 4178 obtinenda·
628 4119 714 4170 stabili
729 4133 776 4184 per
791 4119 953 4232 aliquantum
964 4117 1088 4180 temporis

127 4185 253 4248 aulamque
270 4186 355 4235 tude..
366 4221 391 4237 ..
407 4185 523 4250 umber]
542 4186 592 4235 Ille
628 4183 803 4248 possessione,
817 4185 825 4234 i
862 4184 955 4233 Cicero
972 4181 1089 4244 objicere

128 4249 292 4312 archipirata
312 4253 500 4316 Syracusanum
533 4265 592 4315 por·
628 4248 916 4301 Verrinouonrisisset.
950 4247 1088 4297 Nimissc·

129 4321 188 4363 tum
200 4315 355 4378 intraverat,
369 4323 397 4366 et
415 4315 442 4366 in
456 4331 488 4367 ec
500 4329 592 4380 perva-
628 4331 692 4367 cure
736 4317 777 4365 hic
807 4313 935 4366 exuribit
962 4311 1088 4362 Orosiurn

129 4385 209 4442 gatus
223 4379 317 4438 fuerat.
332 4381 377 4430 sed
390 4390 449 4444 port
461 4381 537 4446 paulo
548 4395 593 4430 ex·
630 4381 829 4432 Freinshemius.

130 4445 210 4507 ierat,
232 4451 302 4495 teste
314 4445 398 4496 Clccr.
411 4447 427 4496 l.
438 4461 465 4498 v.
476 4447 503 4498 iu
516 4447 593 4497 Verr.

197 4524 318 4590 Delpbel
330 4525 463 4579 Vuaclcs.
642 4526 736 4576 merus.
