3300 5225
424 591 528 647 nrnnr
553 594 678 645 xcvu.
699 594 1027 649 surranununuu.
1191 580 1281 648 4829

161 730 304 821 corrupta
314 739 553 801 restituerentur:
573 738 731 822 edictoque
743 738 866 819 collegit
879 737 1051 813 Amissum,
1065 738 1118 818 qui
1130 748 1198 802 nur.

160 854 180 893 e
196 836 293 918 petria
306 835 506 919 profugerant,
520 837 663 919 novisque
675 837 790 900 colonis
805 836 933 909 Graccis,
953 838 1063 918 quibus
1074 838 1117 897 ibi

160 931 299 994 babitare
320 934 471 1016 placebat,
493 944 606 1008 auctos,
631 956 702 1016 agro
714 936 886 1017 quindecim
904 933 1028 995 millium
1047 954 1116 1015 pos-

159 1050 249 1117 suum
263 1033 329 1093 urbi
342 1033 459 1114 adjecto
473 1034 685 1116 locupletavit:
707 1034 919 1096 Alexandrum
931 1034 1041 1094 imitari
1053 1043 1115 1095 stu·

161 1126 249 1202 dens,
267 1131 320 1211 qui
333 1131 457 1192 eandem
471 1132 584 1205 urbem,
597 1152 666 1193 cum
679 1132 812 1195 Persicis
832 1132 951 1212 regibus
962 1140 1115 1213 parentem
1131 1140 1236 1210 Appias.

160 1228 334 1301 invenisset,
348 1228 535 1290 liberaverat.

203 1332 254 1388 49.
275 1326 415 1389 Amisum
439 1327 638 1388 Athenienses
662 1326 868 1399 condiderant,
900 1346 961 1408 quo
982 1334 1115 1410 tempore
1143 1332 1280 1383 Meum-d·

158 1424 306 1485 classibus
316 1423 420 1498 validi,
442 1446 499 1486 non
515 1427 652 1507 proxima
663 1434 790 1497 tantum,
803 1423 856 1485 sed
869 1426 980 1504 etjam
1000 1423 1116 1504 longius
1126 1398 1278 1515 &Am

157 1522 219 1582 sita
231 1522 324 1582 marin
336 1523 583 1603 perungebantur.
625 1522 733 1603 quue
743 1542 837 1604 nuper
853 1520 951 1593 multi,
969 1529 1005 1581 ut
1014 1530 1116 1604 tyran-
1129 1529 1195 1579 Plus.

158 1618 262 1679 uidem
276 1619 436 1681 Aristionis
447 1618 609 1697 lugerent‚⁴
626 1620 752 1681 velutin
773 1618 865 1680 aliam
883 1620 1021 1701 patriam,
1044 1638 1116 1681 con-

157 1725 329 1777 cesserant:
351 1716 446 1795 ignari
467 1715 573 1777 eodem
599 1736 717 1798 quoque
730 1736 828 1797 quam
849 1716 1021 1777 metuebant
1042 1715 1117 1777 belli
1191 1786 1194 1789 ⁴

159 1823 369 1895 perventuram
390 1822 595 1896 tempestatem
613 1835 687 1876 esse.
730 1812 793 1875 Sed
809 1813 880 1875 illos
897 1812 1042 1875 Lucullus
1061 1813 1115 1874 bo·

157 1920 243 1971 neste
256 1913 388 1986 vestitos,
407 1912 531 1974 ducenis
550 1912 714 1974 distributis
726 1910 865 1986 (lanulis,
878 1913 909 1973 in
926 1911 1055 1994 patriam
1066 1931 1113 1973 re·

156 2007 248 2067 misit.

200 2110 251 2166 50.
272 2104 358 2166 Tunc
371 2106 462 2168 etiam
474 2106 552 2167 inter
564 2106 699 2189 captivos
709 2105 863 2188 Tyrannio
874 2104 943 2178 nit,
953 2104 1112 2167 celeberri-
1140 2101 1208 2159 Suid·
1216 2108 1244 2160 in

156 2199 200 2260 mi
233 2203 360 2263 nominis
389 2203 609 2283 grammaticus.
660 2202 741 2263 Eum
764 2201 909 2263 Lucullus
931 2200 1036 2281 gentili
1060 2174 1264 2301 mom}

158 2296 309 2371 Murena,
335 2302 486 2383 praecipuo
510 2299 686 2380 legatorum,
707 2308 829 2379 rogatrss
846 2299 1002 2360 concessit.
1051 2297 1112 2359 Ille
1123 2320 1150 2420 p
1161 2310 1221 2359 ott.
1267 2276 1276 2293 ⁰

156 2398 340 2475 magnanimi
362 2396 585 2477 doctissimique
611 2405 643 2457 et
667 2397 706 2457 ob
732 2395 790 2457 boc
811 2395 968 2457 doctorum
989 2395 1113 2455 studiosi
1145 2371 1191 2424 Μ·

155 2492 342 2575 imperatoris
355 2514 474 2557 munere
488 2514 631 2577 perquam
645 2492 830 2554 illiberaliter
843 2513 923 2565 osus,
943 2492 1114 2553 manumisit

154 2590 318 2666 bominem,
332 2601 365 2654 ut
378 2593 418 2655 ab
428 2614 464 2655 eo
477 2591 711 2674 commodaque:
724 2592 856 2674 patronis
863 2590 962 2652 liberti
971 2597 1114 2673 praestant

155 2689 380 2772 adipisceretur.
423 2691 501 2753 Alia
512 2711 632 2773 quoque
650 2690 760 2751 similia
771 2689 867 2750 mults
881 2687 960 2749 idem
982 2688 1113 2749 Murena

154 2785 335 2868 designavit,
345 2789 428 2850 bello
439 2810 497 2851 non
511 2787 701 2871 spernendus,
713 2788 776 2850 vita
784 2787 976 2867 moribusque
984 2785 1111 2846 multum

155 2887 197 2946 ab
218 2887 402 2968 imperatoris
424 2889 470 2948 sui
487 2886 643 2949 nobilitate
666 2883 848 2967 discrepans.
889 2883 999 2946 Rebus
1010 2882 1111 2945 Amisi

155 3003 197 3043 ex
209 2985 345 3065 praesenti
357 2985 447 3067 copia
466 2983 645 3054 constitutis,
666 2981 810 3044 Lucullus
824 2983 855 3042 in
876 2980 985 3042 Asiam
1001 2981 1110 3062 hyber-

156 3089 261 3141 nstum
281 3082 366 3154 abiit,
380 3081 596 3143 utcivitatibus
616 3078 687 3152 illis,
705 3080 761 3140 sub
785 3080 851 3140 aeris
868 3077 958 3139 ebeni
979 3075 1110 3159 pondere

154 3179 326 3255 mavimime
349 3178 568 3251 anhelantibus,
593 3183 785 3238 succurreret.
828 3176 949 3237 Interea
966 3175 1048 3234 misit
1068 3173 1246 3238 adMennon.

156 3271 870 3356 rinnauntnruacmunaurasium..
911 3271 990 3332 nam
1004 3270 1109 3350 negus-
1122 3250 1187 3304 ΡΜ

155 3390 243 3431 onem
264 3370 351 3454 App.
364 3370 511 3433 Claudius
532 3371 617 3444 obiit,
631 3371 683 3452 qui
696 3371 782 3430 uxori
802 3369 989 3451 imperatoris
1006 3365 1108 3441 frater,
1122 3395 1147 3432 v.
1154 3387 1179 3432 1.
1188 3391 1215 3434 et
1224 3399 1245 3432 ι.

156 3477 188 3528 et
200 3467 303 3530 liberis
316 3473 382 3551 ejus
395 3469 557 3533 avunculus
569 3475 643 3530 crat.
1119 3449 1162 3500 ²⁰·

360 3658 377 3706 l
395 3653 521 3720 Fugerunt
531 3654 627 3722 legitur
639 3652 665 3703 in
677 3652 739 3704 edd.
750 3658 812 3705 ants
823 3650 903 3703 Cres.

1136 3317 1272 3372 saumas.
1386 3306 1389 3311 ⁴
