3300 5225
390 514 497 565 lslllltl
522 513 701 575 txxvun
719 512 1046 567 SUPPLBMBNTUM.

152 674 249 718 serere
273 654 408 727 riderem
440 657 590 738 perfricuit
610 658 746 731 frontem,
766 666 800 719 et
821 668 951 741 resumo
971 680 1116 734 sermone,

153 762 162 789 ‘
178 753 266 821 Quid
278 755 369 834 igitur
379 754 465 815 vobis
475 750 658 833 consuleml'
677 755 786 837 inquit.
807 765 817 792 ‘
833 756 918 825 Quid
930 756 1009 817 enim
1021 757 1116 831 aliud,

48 934 51 939 1
153 870 245 930 quem
261 860 294 913 ut
307 851 521 933 rempublicam
540 852 603 913 sine
621 861 705 913 certo
724 854 850 936 imperio
867 853 982 918 diutius
996 875 1059 917 esse
1079 874 1117 915 ne

152 948 282 1011 cnam?
324 948 454 1011 Senctus
476 948 634 1011 Romanus
652 950 734 1011 urbis
747 960 855 1015 nosne
868 951 910 1013 ed
921 972 953 1011 se
966 953 1118 1033 renocesit

153 1045 329 1107 arbitrium:
350 1046 505 1127 vetuitque
518 1036 709 1127 magistratus
725 1046 824 1109 officio
836 1048 932 1129 fungi,
944 1050 1118 1131 priusquam

152 1142 215 1222 ipse
229 1142 304 1223 qnid
318 1142 383 1204 fieri
405 1142 498 1203 vellet
509 1144 717 1205 comtituisset.
760 1144 880 1225 Ergone
900 1146 1019 1208 cleusss
1036 1147 1116 1229 ospi-

151 1241 270 1301 ciemus
287 1240 421 1305 Deorum
439 1240 530 1313 aedes,
543 1241 714 1323 squslentis
730 1237 898 1325 gymnos,
917 1246 1027 1305 tlreetri
1039 1245 1117 1314 hanc

152 1337 357 1413 solitudinem,
370 1341 471 1403 etheo
488 1339 638 1400 silentium
651 1340 708 1402 lori
719 1340 731 1399 l
752 1340 879 1403 Sacram
892 1341 998 1403 lncchi
1010 1362 1116 1417 vocem

152 1454 212 1497 non
238 1437 395 1499 audiemus
415 1437 562 1520 emplius?
592 1436 677 1505 Quid
693 1446 794 1501 eutem
815 1438 950 1500 Deorum
971 1439 1117 1521 responsis

150 1546 329 1597 consecrata
344 1536 475 1619 Pnyxu
495 1533 569 1617 quid
592 1536 798 1597 vetustimimis
815 1536 1008 1616 religionibus
1025 1556 1117 1599 vene·

149 1634 249 1695 rabile
263 1634 422 1695 Gestorum
441 1632 606 1716 templum?
626 1632 707 1715 Ipsae
727 1632 858 1716 denique
870 1634 1130 1716 philosophorum,

148 1731 277 1805 whole,
296 1740 480 1815 perpetuane
500 1732 652 1794 oblivione
674 1731 906 1805 damnabuntur,
929 1740 962 1794 et
982 1731 1117 1799 velutin

149 1838 246 1911 capte
258 1828 416 1911 dirutnquc
430 1829 502 1891 urbe
516 1830 717 1891 conticescent
725 1829 756 1891 2'

191 1935 247 1989 48.
269 1926 333 1989 His
346 1937 435 2007 etque
446 1927 558 1989 tclibus
576 1928 740 1989 animatum
758 1927 877 2009 vulgus,
889 1935 923 1989 et
933 1928 1009 1989 inter
1020 1948 1054 1987 se
1066 1935 1116 1988 to«

148 2024 316 2087 multuerie
329 2026 524 2098 collocutum,
538 2026 570 2085 in
583 2025 733 2087 theatrum
749 2046 781 2087 se
804 2025 941 2107 proripit,
953 2034 996 2097 et,
1009 2032 1019 2061 ‘
1033 2024 1116 2106 qnod

147 2120 229 2183 bene
242 2130 353 2195 vertet,
365 2124 520 2206 imperium
540 2131 632 2205 etque
653 2131 812 2205 praeturnm
833 2123 999 2185 Aristioni’
1011 2121 1115 2184 decor,

147 2228 237 2281 nunt.
279 2218 343 2282 Ille
355 2240 423 2282 cnm
436 2222 468 2283 in
479 2222 660 2298 orchestrcm
679 2222 873 2292 escendisset,
887 2221 992 2300 gratiis
1002 2220 1114 2303 populo

147 2318 239 2389 aeus,
252 2327 399 2400 memo
418 2319 483 2381 hec
503 2318 637 2398 adjecit:
659 2317 942 2399 ‘Quandoquidem
961 2338 1034 2397 ergo
1055 2318 1113 2380 rei·

147 2414 282 2496 publinae
293 2436 410 2477 summe
421 2414 461 2477 ed
473 2436 528 2477 vos
539 2416 639 2489 rediit,
652 2416 759 2479 vestris
770 2424 872 2477 sutem
891 2416 1047 2477 sententiis
1057 2436 1114 2495 ego

147 2511 248 2573 lectus
259 2518 326 2575 snm
337 2512 484 2595 princeps,
498 2533 616 2595 equum
627 2520 684 2586 est,
698 2522 801 2574 utnon
814 2512 912 2573 minus
923 2532 980 2592 ego
992 2512 1113 2593 poesim,

147 2630 243 2690 quem
263 2610 393 2694 universi
412 2613 535 2694 potestis
557 2617 647 2693 atque
670 2609 810 2693 polletis?
850 2609 1019 2692 Statimque
1035 2608 1116 2690 juris

1191 502 1279 579 tect

148 2708 315 2790 umrpmdi
328 2729 431 2781 censa,
445 2709 566 2772 nomina
582 2707 780 2792 quorundam,
793 2729 871 2792 qnos
886 2707 1020 2788 collegas
1036 2716 1115 2771 esset

149 2805 320 2877 habimus,
334 2805 439 2868 odius

191 2909 245 2964 49.
267 2899 382 2984 Neque
395 2902 505 2964 multos
513 2910 582 2985 post
590 2901 666 2976 dies,
674 2901 813 2984 proesidio
823 2901 954 2963 militum
965 2901 1114 2988 Archelai

148 2997 259 3072 irem
268 3007 373 3082 operte
382 3000 509 3081 erripuit
518 3000 718 3082 tyrannidem,
730 2999 915 3082 gressnrique
928 2999 958 3060 in
968 3000 1113 3081 optirnnm
1125 3017 1236 3094 splen.

149 3117 302 3180 qanue
315 3104 368 3159 aut
383 3097 649 3179 locupletissimum
666 3098 742 3160 mire
760 3096 876 3158 ferocia
891 3105 924 3158 et
934 3096 1113 3158 crudelitate
1125 3117 1210 3170 m,
1245 3155 1251 3166 ,

148 3197 252 3278 cepit.
295 3194 388 3256 Unde
406 3215 475 3256 cum
496 3215 536 3256 ex
554 3197 627 3256 urbe
645 3194 731 3258 multi
744 3194 949 3276 profugerent,
961 3194 1115 3256 orrstodios

149 3293 181 3353 in
190 3295 288 3376 portis
300 3295 413 3374 posuit:
436 3292 526 3354 atilli
539 3302 629 3355 noctu
642 3313 659 3354 e
672 3293 765 3354 muris
774 3291 1017 3354 demittebnutnr.
1046 3290 1112 3372 Igi-

148 3398 198 3452 tur
215 3391 330 3452 emisris
350 3393 404 3473 qui
422 3389 570 3472 fugientes
589 3399 834 3473 persequerentur
850 3391 1014 3472 equitibus,
1026 3389 1114 3450 multi

148 3489 190 3548 eb
206 3489 254 3549 lris
268 3489 360 3550 occisi
380 3497 460 3560 sunt,
482 3487 534 3550 ulii
553 3490 585 3550 in
607 3487 735 3552 vinculis
752 3489 884 3550 retrscti.
926 3487 1016 3570 Saepe
1035 3489 1114 3552 inter

149 3584 216 3646 lino
231 3585 372 3667 prodibat
385 3587 415 3646 in
428 3587 602 3647 concionem
615 3605 684 3648 eum
695 3594 810 3648 ermetis
821 3583 975 3656 satellitio,
988 3585 1113 3646 multos·
1228 3567 1233 3580 ⁸

149 3701 208 3762 que
221 3683 341 3744 studere
355 3683 505 3744 Romanis
517 3683 701 3756 insimulans,
722 3703 828 3765 resque
847 3703 940 3744 noves
952 3681 1062 3754 moliri,
1075 3701 1112 3744 ae
1166 3731 1170 3739 ,

149 3777 229 3842 elem
247 3780 287 3842 ad
300 3780 441 3862 prologos
452 3782 610 3853 missitare,
630 3781 796 3864 complures
807 3782 865 3842 hoc
878 3780 1001 3844 crimine
1013 3787 1111 3845 more

148 3874 203 3938 lit:
224 3876 293 3938 sli'm
315 3876 427 3939 cdemit
447 3879 539 3950 bons,
559 3886 737 3959 tentumque
760 3878 807 3938 his
830 3877 942 3958 rapinis
962 3876 1113 3955 congessit

150 3995 348 4049 commun,
369 3986 404 4038 nt
422 3979 514 4039 etiem
532 3985 639 4058 puteos
661 3975 778 4057 aliquot
796 3974 960 4056 compleret
971 3973 1111 4056 pecunie

150 4071 223 4152 Nee
234 4075 315 4134 enim
324 4075 435 4136 civium
446 4083 574 4146 tentum,
587 4073 640 4135 sed
647 4074 742 4138 etiem
751 4072 974 4154 peregrinorum
981 4069 1110 4146 inculta·

150 4179 196 4231 tes
207 4170 352 4252 diripuit:
373 4170 426 4232 sed
440 4192 497 4233 nec
510 4192 529 4232 s
543 4169 627 4232 Delii
641 4170 798 4253 Apollinis
809 4169 938 4252 pecunie
950 4166 1111 4247 sacrilegos

151 4269 294 4329 metunt
306 4287 420 4330 manus.

216 4468 327 4536 'Pam
344 4471 428 4544 chns
441 4439 561 4534 Auens,
572 4468 598 4519 ln
608 4483 660 4536 quo
669 4465 778 4524 consitis
789 4464 963 4533 hebetantur.
983 4463 1058 4516 cm.
