3300 5225
390 526 479 595 sset
874 538 909 587 r.
934 536 1029 587 ιιιιι

407 702 501 753 m.
553 682 734 765 proinemnt
755 681 835 745 (lum
847 681 1053 743 successissent
1061 680 1089 739 ei
1101 678 1202 739 omnis
1211 674 1394 747 mirabiliter,
1405 672 1507 735 emuli

393 770 532 897 ¹3:235„
554 783 713 863 pinxerunt
725 782 755 842 in
769 778 962 841 tabernaculo
973 776 1135 847 sedentem,
1147 772 1293 855 pendente
1304 792 1395 854 suprn
1413 771 1509 853 capnt

390 912 414 948 ς,
424 901 450 949 ο,
534 862 699 950 Ἐοιῑιιιιιι,
713 896 781 958 quor
793 877 930 938 civitates
943 876 973 935 in
983 882 1045 935 rete
1056 871 1227 933 dormientis
1238 868 1438 951 compelleret.
1467 865 1508 927 Id

553 974 642 1035 borno
661 994 756 1036 renus
776 994 845 1036 cum
861 974 988 1035 tolerare
1006 968 1198 1051 nequivisset,
1219 976 1251 1029 et
1268 967 1370 1047 ulique
1386 964 1462 1026 forte
1474 986 1507 1025 rs

553 1078 638 1151 geste
649 1070 769 1152 publice
785 1079 923 1148 negasset
941 1089 980 1129 ex
995 1068 1050 1127 iste
1063 1064 1152 1127 leude
1161 1063 1309 1125 iortrmem
1322 1082 1408 1145 posse
1421 1062 1508 1143 quic·

553 1186 645 1249 quem
657 1166 829 1248 decerpere,
843 1169 932 1227 eben
943 1164 992 1225 die
1006 1164 1064 1225 fuit
1075 1162 1303 1223 infelicissimus.

594 1272 645 1327 10.
666 1274 677 1302 ⁴
689 1265 770 1326 Mihi
782 1285 854 1326 vero
867 1266 924 1325 hoc
936 1271 1199 1346 temperamentum
1211 1257 1321 1341 placet,
1334 1266 1369 1319 ut
1379 1256 1510 1338 vigilen-

551 1364 637 1434 tiem,
663 1361 831 1434 consilium,
856 1361 1014 1439 eudociam
1033 1358 1204 1441 prestanda
1223 1356 1334 1418 bomini
1358 1376 1508 1428 censeem,

553 1468 691 1521 eventum
711 1458 861 1519 lubentius
878 1458 1002 1519 referem
1020 1456 1060 1517 ud
1075 1456 1168 1519 Deos.
1210 1453 1263 1515 Its
1274 1452 1393 1514 demum
1406 1472 1511 1514 neces·

553 1575 618 1617 surm
640 1556 697 1617 erit
720 1576 858 1637 prospere
881 1556 998 1616 evenire
1015 1555 1128 1624 omnin,
1144 1553 1169 1613 si
1186 1572 1281 1633 neque
1296 1560 1394 1612 nostro
1411 1547 1511 1610 officio

553 1652 700 1727 desumus,
713 1673 810 1733 neque
823 1672 893 1713 cnm
907 1652 1015 1733 injuris
1028 1644 1373 1733 potentioris'indcbitnm
1381 1647 1510 1728 gloriam

555 1749 738 1811 effectemus.
779 1748 841 1810 Sed
854 1751 920 1809 hnc
933 1748 1052 1831 quidem
1070 1747 1223 1827 eliquanto
1237 1744 1387 1806 verbosius
1398 1764 1511 1805 execu-

554 1856 603 1907 tus
614 1866 691 1917 sum,
705 1846 828 1918 milites,
842 1845 922 1927 quod
932 1865 990 1907 uon
1003 1846 1033 1905 in
1047 1844 1204 1926 presentie
1215 1852 1331 1903 tontum
1345 1842 1512 1921 intelligere

554 1963 609 2003 ros
620 1944 790 2024 cupiebnm,
804 1941 879 2025 quid
893 1942 965 2003 mibi
983 1942 1127 2024 propositi
1141 1948 1229 2012 esset,
1246 1938 1299 1999 sed
1314 1938 1345 1998 in
1362 1948 1514 2020 posterum

555 2025 674 2119 quoquc
691 2040 792 2113 scire,³
814 2039 934 2120 qualem
952 2038 1069 2110 ducem,
1081 2046 1113 2099 ct
1124 2037 1234 2117 quibus
1246 2034 1389 2118 presidiis
1401 2034 1512 2097 tultum

554 2136 761 2216 sequeremini.
965 2210 968 2217 Ι

596 2238 647 2291 11.
668 2229 802 2292 ‘Cetera
813 2233 882 2312 jem
901 2230 986 2292 robis
1005 2238 1075 2292 unte
1091 2238 1170 2301 sunt,
1192 2228 1337 2309 rebusque
1355 2228 1426 2311 ipsis
1444 2251 1515 2313 per-

555 2335 675 2411 spector
697 2348 793 2409 neque
803 2328 876 2389 mibi
893 2328 1078 2389 severitatem
1098 2328 1128 2387 in
1146 2326 1263 2398 noxios,
1277 2345 1331 2386 nec
1341 2346 1412 2405 erge
1425 2326 1513 2390 lorti-

556 2434 603 2485 ter
614 2424 698 2486 fecte
709 2423 920 2485 liberulitstem
933 2423 1071 2485 defuisse.
1114 2422 1296 2502 Quanquam
1305 2430 1338 2483 et
1349 2422 1407 2485 hoc
1420 2428 1513 2487 escri-

556 2521 598 2582 bc
609 2521 745 2594 fortune,
757 2520 838 2601 quod
852 2520 923 2581 mihi
942 2521 986 2581 sic
1001 2520 1147 2581 unimetos
1158 2519 1268 2580 milites
1281 2518 1374 2591 dedit,
1387 2528 1422 2581 nt
1434 2542 1514 2604 prse-

558 2619 618 2680 mio
629 2619 816 2690 creberrime,
824 2617 1037 2700 supplicienon
1047 2637 1125 2698 sepe
1134 2627 1381 2700 repraesentarem.
1404 2618 1513 2687 Quen·

559 2735 649 2797 quem
672 2736 744 2777 sene
763 2715 880 2777 incusor
900 2735 920 2777 n
936 2715 1049 2786 multis,
1070 2714 1151 2796 quod
1167 2733 1254 2796 nequo
1272 2714 1402 2788 mollior,
1420 2717 1512 2780 ctisn

559 2812 784 2889 fedissimcmm
807 2811 972 2874 iocinerum
992 2831 1092 2894 poenos
1110 2830 1130 2872 n
1146 2813 1279 2872 sontibus
1298 2831 1357 2873 non
1380 2814 1512 2894 exigam.

560 2909 852 2981 verumenimvero,
866 2909 986 2981 milites,
1002 2909 1049 2972 ite
1066 2927 1182 2970 mecum
1198 2909 1250 2968 inii
1268 2909 1424 2982 tutionem,
1436 2910 1513 2972 dnn-

556 3005 631 3066 dum
657 3025 719 3066 esse
737 3006 904 3066 bominibus
920 3005 1059 3087 spatium,
1082 3014 1117 3064 ut
1135 3013 1317 3066 contractem
1334 3005 1435 3067 nescio
1453 3029 1514 3088 quc

560 3101 659 3162 furore
668 3121 778 3162 noxum
792 3103 964 3182 poenitentia
976 3103 1071 3182 magis
1084 3120 1174 3181 quem
1187 3119 1274 3182 poene
1286 3100 1401 3163 cluent:
1416 3113 1450 3164 et
1463 3105 1514 3166 ubi

560 3196 631 3258 lorti
644 3198 785 3258 adversus
793 3198 907 3259 hostem
920 3219 1010 3280 opere
1022 3208 1138 3259 tuntum
1149 3197 1312 3280 profuerint
1329 3199 1515 3281 reipublice,

399 3327 500 3380 om„
508 3330 551 3378 13·
560 3303 706 3375 quantum
724 3294 844 3356 crimine
852 3303 889 3370 ¹ct
901 3293 1040 3376 exemplo
1055 3301 1228 3366 nocuerunt,
1242 3295 1298 3374 ipsi
1311 3297 1440 3369 renium,
1455 3317 1515 3359 res·

562 3392 683 3472 publice
694 3399 740 3452 tot
748 3391 830 3452 cives
849 3392 1009 3452 incolumes
1020 3391 1149 3452 habent:
1170 3391 1215 3452 sin
1229 3411 1299 3452 vero
1311 3392 1415 3452 sceleri
1427 3393 1515 3456 eddi·

561 3487 659 3550 derint
670 3489 832 3567 igneviom,
846 3509 883 3548 ne
893 3490 949 3570 ipsi
961 3487 1081 3569 quidem
1093 3497 1238 3560 recusent,
1249 3488 1321 3568 quin
1333 3488 1434 3552 servili
1445 3511 1516 3553 cum

562 3586 695 3645 cruciatu
709 3594 859 3646 necentur.

417 3703 552 3754 Lemo,
605 3689 654 3742 12.
675 3691 684 3717 ‘
697 3680 779 3742 Hmc
792 3683 878 3742 vobis
888 3701 935 3742 me
942 3681 1053 3754 dicere,
1065 3683 1173 3762 quibus
1182 3701 1274 3763 nuper
1284 3682 1328 3742 A.
1340 3681 1518 3747 Postumius

400 3777 427 3818 et
437 3773 479 3820 ⁵¹·
564 3777 698 3838 Albinus
717 3777 847 3862 praefuit,
871 3798 929 3838 non
947 3778 1097 3856 ignomin
1138 3777 1233 3859 Apud
1247 3781 1375 3858 majores
1388 3793 1515 3854 nostres,

561 3893 629 3934 cum
650 3873 738 3934 simili
761 3873 891 3935 iocinore
911 3874 1045 3935 subintus
1067 3875 1107 3934 ab
1126 3875 1259 3936 exercitu
1278 3875 1326 3936 M.
1340 3876 1518 3940 Postumius

563 3969 745 4048 Regillensis
767 3979 855 4041 esset,
874 3972 959 4049 jussu
983 3969 1086 4052 populi
1108 3971 1215 4031 acriter
1232 3973 1367 4032 exercite
1389 3975 1518 4053 qnaestic

562 4075 618 4126 est.
659 4065 753 4126 Nunc
770 4067 869 4127 eliens
883 4067 1003 4147 judicic
1018 4085 1054 4126 ne
1074 4067 1246 4128 timueritis:
1267 4077 1366 4128 vestro
1382 4069 1411 4128 in
1425 4090 1516 4134 menn

564 4173 622 4234 est,
634 4161 733 4250 qualis
750 4182 868 4223 munere
880 4183 935 4223 vos
946 4163 1045 4224 exitus
1056 4162 1174 4224 debent.
1217 4163 1318 4238 Ferro,
1339 4185 1397 4225 non
1410 4167 1518 4230 suffre-

565 4260 632 4339 giis,
646 4260 710 4320 hec
723 4279 815 4322 censu
826 4259 989 4322 decidetur.
1032 4257 1172 4320 Victores
1183 4259 1276 4321 virtus
1293 4261 1430 4324 absolvet
1443 4283 1450 4324 ι
1474 4265 1518 4344 ig·

818 4441 834 4487 t
852 4435 1170 4502 &subrogandorum
1182 4437 1258 4490 Cret.
