3300 5225
403 537 505 587 arunt
531 534 636 587 xcvi.
659 532 981 585 sureaaunuruu.
1155 510 1243 583 2180?

129 678 252 750 effecta,
273 677 412 741 sdbrbuit
431 681 563 752 arietem,
586 688 619 741 et
637 680 752 750 turrim,
772 694 841 759 quse
862 676 1004 737 adversus
1019 676 1080 737 sim

129 794 191 835 non
209 775 260 837 diu
283 778 425 841 duratura
439 779 607 853 videbatur,
624 780 741 862 pulsare
762 780 896 841 instituit.
938 778 1010 850 Sed,
1028 779 1081 840 ubi

129 874 223 933 semel
242 876 406 958 iterumque
419 898 559 959 percussa
571 880 659 939 turris
671 897 734 957 'non
747 876 836 939 modo
848 886 955 959 praeter
965 877 1082 959 opinio·

129 992 202 1033 nem
215 974 330 1048 restitit,
344 974 397 1037 sed
409 976 499 1037 etiam
511 976 611 1036 arietis
623 975 801 1059 perfractum
815 984 907 1057 capnt
925 983 990 1046 est3
1013 974 1083 1036 He·

129 1070 272 1133 racleotae
285 1072 364 1134 bono
376 1074 485 1146 animo,
496 1073 652 1156 proconsul
663 1073 819 1155 iniquiore,
832 1093 896 1134 esse
907 1082 1070 1155 coeperuut.
1113 1125 1116 1135 ,

175 1176 226 1229 33.
249 1168 345 1249 Igitur
363 1190 432 1233 cum
453 1172 594 1252 postridie
613 1170 711 1233 denuo
732 1170 843 1233 irnsba
858 1172 960 1231 turrim
978 1171 1084 1231 verbe·

131 1275 238 1337 resset,
261 1268 411 1329 machinas
436 1270 570 1341 cremari,
594 1270 821 1331 architectorum
841 1268 962 1350 praecidi
984 1269 1086 1351 capita

121 1365 239 1444 ·juoeit;
261 1365 463 1447 praesidiisque
476 1368 568 1446 juxta
581 1378 679 1429 muros
694 1368 872 1439 constitutis,
884 1388 952 1428 cum
971 1370 1087 1447 majore

130 1470 218 1542 parte
231 1463 380 1543 copiarum
399 1464 430 1523 in
442 1484 549 1547 campo
563 1462 673 1546 Lycaeo
684 1464 830 1536 consedit,
844 1464 912 1524 loco
924 1463 1027 1536 fertili,
1044 1462 1084 1523 ad
1131 1450 1135 1463 ¹

132 1557 275 1619 alendum
298 1559 420 1623 militem
446 1562 578 1642 copioso.
628 1560 719 1623 Unde
747 1582 815 1623 cum
838 1560 1085 1622 Heracleoticum

131 1676 238 1734 agrum
252 1676 368 1719 omnem
385 1668 558 1731 evastamet,
577 1659 686 1720 amussi
705 1660 829 1740 penurm
841 1658 969 1739 fatigati,
986 1658 1086 1719 denuo

133 1752 175 1813 ad
196 1752 373 1816 Chersonesi
395 1755 520 1828 incolas,
544 1764 575 1816 et
594 1754 825 1828 Theudosianas,
845 1764 877 1816 et
895 1756 947 1837 qni
967 1754 1084 1837 Bospo-

132 1870 201 1911 rum
224 1852 400 1914 accolebant
418 1854 545 1933 regidos,
563 1853 735 1915 societatem
756 1861 788 1913 et
801 1872 948 1914 strumam
960 1854 1086 1934 petitam

133 1948 286 2008 miseruut.
426 1944 429 1950 ’
525 2000 531 2007 .
1074 1981 1077 1985 ⁴

175 2051 228 2106 34.
250 2044 293 2107 Et
305 2045 415 2126 legatio
427 2047 547 2128 quidem
559 2048 630 2108 satis
642 2046 699 2108 luit
716 2046 800 2107 felix.
842 2044 983 2107 Ceterum
1000 2046 1086 2128 oppi-

134 2140 232 2203 danos
243 2152 275 2205 et
286 2143 383 2203 hostes
396 2142 477 2219 soris,
490 2152 522 2205 et
534 2145 612 2205 intra
623 2145 737 2206 viscera
749 2142 898 2204 crudeliub
914 2137 1086 2225 proesidiarii

134 2241 248 2301 milites
265 2242 435 2320 angebant:
457 2243 520 2324 qni,
538 2240 654 2313 ecdem,
671 2262 732 2324 quo
748 2241 857 2321 vulgus
877 2241 987 2321 agebat
1004 2239 1086 2302 victu

134 2339 257 2398 minime
279 2340 423 2410 contenti,
445 2341 587 2401 lautiores
605 2340 689 2401 cibos
710 2340 750 2401 ab
772 2338 874 2419 egenis
891 2346 923 2399 et
942 2336 1088 2399 famelicis

133 2436 304 2499 bominibus
320 2439 351 2499 vi
366 2458 402 2499 ac
418 2439 590 2501 verberibus
608 2438 838 2520 extorquebant.
878 2434 992 2518 Neque
1004 2434 1087 2495 Con·

135 2534 261 2595 nacorix
285 2535 442 2619 prefectus
464 2538 521 2599 ista
542 2536 720 2599 cohibebat:
748 2536 821 2618 quin
841 2534 895 2596 ille
914 2534 1089 2595 deterrimus

136 2633 268 2692 omnium
281 2635 432 2713 gaudebat
448 2635 506 2697 bac
520 2635 674 2708 violentia,
695 2635 880 2717 licentiaque
895 2652 1013 2694 suornm
1032 2631 1088 2690 im·

135 2731 303 2810 punitatem
326 2731 490 2794 addiderat.
532 2731 615 2796 Haec
637 2732 728 2794 ferme
751 2732 798 2793 bis
817 2731 988 2793 consulibus
1006 2728 1090 2790 bello

137 2837 222 2906 gesta
234 2837 313 2889 sunt.

178 2931 230 2985 35.
252 2925 317 2987 Res
330 2929 458 2988 urbanas
469 2949 528 2990 non
543 2937 606 2990 tam
626 2929 760 3009 parvitas
767 2947 880 2999 earum,
892 2944 982 3007 quam
994 2922 1085 3004 scrip·

135 3029 235 3082 torum
247 3025 371 3104 pecuda
385 3024 462 3086 tradi
474 3035 565 3088 vetat.
608 3024 749 3086 Ceterum
767 3025 870 3106 inopia
881 3021 991 3083 Romae
1003 3020 1087 3081 labo·
1099 3024 1162 3080 nor.
1173 3045 1216 3082 ιιι.
1222 3037 1249 3083 u.

136 3125 246 3192 rabum,
268 3120 370 3202 piratis
382 3123 474 3183 maria
488 3125 575 3204 pejus
594 3123 673 3184 omni
693 3129 868 3203 tempestate
880 3117 1087 3202 praecludenti-

136 3216 205 3276 bus.
246 3217 290 3278 Bt
297 3217 415 3298 judicia
428 3219 567 3301 legesque
587 3239 672 3280 novae
685 3220 838 3281 civitatem
852 3217 1014 3297 inquietam
1032 3214 1087 3274 bs·

137 3313 275 3374 buerunt.
311 3315 444 3377 ‘Clodius
456 3316 576 3397 quidam
594 3317 728 3378 tribunus
740 3315 836 3399 plebis
847 3311 1014 3375 sacerdotes
1026 3311 1087 3372 vir·
1115 3325 1182 3404 tffluu
1193 3327 1250 3388 cst.

137 3411 280 3492 ginesque
298 3411 449 3487 Vestales,
462 3423 604 3494 tanquam
622 3433 726 3496 parum
748 3423 829 3474 caste
847 3430 933 3472 sacra
944 3409 1087 3481 lacerent,
1099 3389 1196 3444 ΨΜ·
1207 3397 1251 3446 ²⁰·

137 3505 179 3568 ad
199 3509 341 3589 populum
359 3511 579 3582 criminabatur,
601 3510 683 3572 etad
695 3511 798 3571 turbas
808 3507 889 3584 baud
905 3508 1029 3586 exiguas
1041 3525 1087 3566 res

138 3608 304 3687 spectabat.
338 3607 472 3669 Catilina
484 3629 603 3692 quoqne
613 3629 680 3670 rens
692 3609 807 3682 incesti,
820 3606 900 3689 quod
912 3625 981 3666 cum
991 3603 1089 3664 Fabia
1115 3608 1176 3658 sut
1186 3608 1242 3661 cu.

137 3706 344 3777 commisisset,
363 3707 565 3767 accusabatur.
608 3705 669 3766 Sed
691 3704 834 3766 clodium
855 3703 902 3765 Μ.
917 3702 1007 3773 Cato,
1020 3679 1252 3792 cumfflm·

138 3801 290 3880 ingenium
307 3805 372 3883 ejus
387 3803 625 3885 propositumque
646 3802 746 3864 multis
762 3800 860 3862 verbis
879 3800 987 3860 acriter
1004 3817 1088 3859 coar·
1101 3803 1167 3854 Ptut.

139 3899 263 3977 quisset,
283 3899 416 3960 desinere
440 3901 571 3962 actiones
590 3921 659 3963 suas
680 3901 788 3980 coligit.
831 3896 965 3957 Catilina
986 3895 1252 3980 favoreombrc.

140 3995 257 4068 Catuli,
278 4005 309 4057 et
320 3997 392 4079 quia
403 3995 542 4058 Terentia
554 3996 718 4070 Ciceronis,
731 4016 811 4058 soror
823 4003 888 4055 erat
900 3990 1015 4071 Fabiae,
1036 3990 1089 4050 ab
1099 3967 1209 4083 ¹333&
1275 4035 1278 4039 .

140 4093 255 4154 solutus
267 4103 321 4153 est.

181 4195 232 4252 36.
254 4190 303 4252 At
319 4192 422 4253 consul
444 4191 501 4252 Gn.
517 4191 671 4262 Lentulus,
686 4191 881 4272 perincertum
898 4184 1032 4247 stolidior
1051 4203 1090 4244 au
1118 4195 1176 4248 sut.
1187 4193 1252 4248 rrae

141 4291 256 4360 vanior,
276 4287 371 4368 legem
392 4288 430 4350 de
450 4290 587 4372 moncia,
608 4307 699 4371 qnam
716 4287 803 4368 Sylla
822 4283 984 4346 emtoribus
1005 4283 1091 4343 remi·
1104 4267 1176 4314 ’Μ’

142 4395 231 4460 serat,
258 4385 407 4465 exigenda
432 4386 640 4468 promulgarit.
692 4383 829 4446 Verbum
847 4401 966 4464 quoque
987 4381 1017 4442 in
1045 4399 1091 4441 se·
