3300 5225
385 540 486 588 unsar
501 522 639 588 'cxxc
662 532 985 590 surrueueuruu.
1155 524 1244 593 4583

125 680 203 765 quod
218 683 350 755 volebat,
363 690 476 753 censet,
490 683 569 743 clam
581 683 720 745 subducit
736 702 768 744 se
782 706 801 744 a
812 684 1018 757 tabernaculo,
1030 684 1080 745 fir·

124 802 232 863 maque
251 782 328 863 patri
348 782 558 861 circumposita
575 782 719 853 custodia,
738 792 877 844 eventum
895 784 1012 863 quietus
1029 802 1081 842 ex·

125 890 235 961 pectet.
279 878 401 939 Interea
416 878 582 951 Terentius,
604 879 785 962 Pompeium
804 881 835 939 in
855 880 959 940 edem
977 888 1081 939 contu-

123 978 227 1037 bernio
239 976 367 1037 dormire
390 986 509 1057 putans,
530 976 608 1037 clam
626 998 643 1037 e
662 977 755 1043 cubili
772 978 875 1056 surgit,
889 986 1081 1059 correptoque

124 1072 226 1153 gladio
243 1076 356 1135 lectum
372 1074 514 1156 Pompeii
532 1075 664 1157 repetitis
685 1075 793 1137 ictibus
809 1075 952 1136 confodit.
1095 1149 1099 1155 Δ

164 1178 194 1231 θ.
218 1170 306 1232 Hinc
330 1180 395 1231 orto
421 1171 562 1243 tumultu,
585 1190 695 1251 magna
719 1173 918 1233 consternatio
941 1170 1079 1232 inceaait¹

123 1271 237 1351 copias,
252 1268 321 1329 odic
333 1270 428 1341 ducis,
452 1278 484 1329 et
506 1269 544 1330 ad
568 1269 764 1330 defectionem
789 1270 889 1352 pronis
908 1269 1024 1338 animis,
1039 1268 1079 1329 ad

124 1368 291 1449 quamlibet
305 1368 493 1427 occasionem
507 1366 642 1427 mobiles.
686 1365 815 1447 Jamque
836 1366 926 1448 diripi
943 1366 1080 1438 tentoria,

123 1468 202 1526 sumi
228 1484 312 1525 anna
342 1473 511 1545 coeperant:
546 1485 643 1547 neque
669 1465 823 1546 proconsul
854 1465 973 1526 obviam
1005 1464 1080 1535 ibat,

124 1563 233 1624 offerre
253 1582 284 1622 se
300 1561 548 1622 tumultuantibus
567 1582 625 1621 non
644 1581 742 1621 ausus.
784 1560 973 1622 Adolescens
984 1560 1080 1621 Pom-

123 1662 222 1741 peius,
243 1660 349 1723 mediis
369 1659 534 1738 agminibus
551 1660 717 1731 immixtus,
739 1659 944 1741 prehendebat
958 1659 1079 1732 milites,

123 1758 358 1841 lacrymabatur,
369 1758 557 1839 supplicabat
566 1767 579 1817 :¹
588 1768 736 1839 postrem
748 1759 865 1837 abjecto
878 1760 908 1818 in
921 1769 1007 1839 porta
1016 1780 1082 1819 cas

122 1866 236 1917 tronum
256 1876 390 1937 corpore,
415 1856 485 1915 illac
503 1856 635 1935 jubebat
656 1856 778 1917 transire
798 1854 888 1915 fidem
909 1863 1081 1917 mutaturos.

124 1955 236 2016 Donec
248 1954 342 2015 multo
355 1953 425 2014 fletu
439 1962 469 2013 et
482 1953 669 2014 deformitate
688 1953 850 2035 spectaculi
866 1962 980 2013 retento
993 1954 1082 2013 militi

122 2052 214 2111 rediit
234 2050 340 2131 pudor,
364 2058 395 2111 et
416 2058 524 2131 praeter
543 2051 728 2129 octingentos
746 2050 798 2131 qui
816 2052 884 2129 Jam
897 2048 937 2110 ad
951 2049 1081 2110 Cinnam

122 2150 314 2219 transierant,
336 2146 468 2229 reliquus
485 2148 635 2208 exercitus
657 2157 791 2229 pacatus,
813 2147 996 2228 imperioque
1014 2168 1081 2229 pro-

121 2245 256 2305 consulis
267 2246 417 2306 restitutus
432 2253 486 2305 est.

163 2349 196 2406 7.
222 2342 347 2403 Minime
368 2352 467 2402 tamen
493 2341 651 2401 diuturnus
676 2349 804 2421 recepte
831 2342 987 2422 potestatis
1012 2361 1082 2401 usus

123 2440 276 2521 Pompeio
302 2440 368 2499 fuit
421 2439 522 2499 Paulo
549 2440 627 2499 enim
652 2447 718 2520 post
740 2448 896 2519 utrumque
917 2440 1082 2501 exercitum

123 2540 296 2622 pestilentia
308 2540 433 2599 invasit:
456 2548 488 2598 et
499 2538 536 2597 de
551 2536 692 2619 Pompeii
705 2536 799 2618 copiis
816 2536 968 2596 bominum
984 2536 1082 2597 millia
1093 2546 1245 2604 venatu.

123 2639 277 2710 undecim,
290 2638 329 2698 de
344 2636 520 2698 Octauianis
536 2656 590 2698 sex
603 2635 770 2695 desiderata
782 2645 861 2695 sunt.
903 2633 1022 2694 Deinde
1035 2635 1080 2695 in·
1094 2645 1243 2701 omenta.

123 2755 198 2815 gens
212 2735 295 2817 apud
308 2735 438 2796 Romam
451 2743 611 2814 tempestas
625 2743 691 2793 orta
703 2741 757 2804 est,
769 2741 801 2792 et
812 2741 921 2803 castra,
932 2732 1080 2813 precipue
1093 2743 1202 2808 Appias.

122 2833 282 2914 Pompeii,
292 2841 353 2894 tam
366 2832 476 2893 crebris
488 2851 626 2913 percussa
638 2829 821 2900 fulminibus,
833 2839 867 2889 ut
877 2849 960 2889 ruere
973 2828 1080 2889 coelum
1092 2809 1144 2859 ³¹¹¹·
1153 2811 1245 2875 ΟΜ·

121 2931 286 2992 videretur.
328 2933 425 2990 Arma
437 2930 578 3010 signaque
591 2929 700 3010 passim
713 2935 813 2988 tacta:
835 2926 957 2996 milites,
971 2935 1003 2986 et
1014 2926 1080 3006 qui·

122 3027 193 3088 dam
207 3049 250 3089 ex
264 3029 439 3100 illustribus,
449 3027 611 3087 exanimati
621 3035 706 3086 sunt:
718 3027 780 3107 ipse
793 3044 912 3105 quoque
925 3021 1080 3104 proconsrd

122 3125 509 3187 fulmineafflatusinteriit.
535 3123 612 3184 Tam
623 3125 813 3206 improvisum
826 3123 881 3183 viri
894 3121 1079 3182 exitumsin·
1110 3137 1203 3188 Plus*

122 3225 238 3304 gulsris
252 3226 340 3285 etiam
354 3224 547 3306 exequiarum
561 3223 722 3303 ignominia
734 3222 879 3284 comitata
890 3227 945 3280 est.
987 3216 1080 3285 Quod
1091 3201 1180 3268 ¹³⁰¹¹¹l³
1188 3220 1211 3256 ⁸·
1222 3209 1249 3254 ¹·

121 3326 214 3395 enim,
237 3323 362 3404 imperio
378 3333 409 3383 et
426 3322 563 3382 maximis
579 3321 758 3382 exercitibus
777 3320 944 3388 instructus,
963 3315 1080 3397 pericli·

122 3424 198 3483 tanti
219 3421 326 3504 patriae
343 3421 517 3501 tempestive
537 3420 692 3480 subvenire
709 3416 900 3496 neglexerats
921 3414 952 3473 in
966 3421 1080 3474 tantum
1092 3381 1247 3496 {qq-lobea.

121 3519 227 3602 populi
243 3518 377 3579 Romani
389 3515 490 3577 odium
504 3516 597 3586 venit,
617 3524 652 3575 ut
672 3515 778 3574 lectum
797 3515 874 3591 ejus,
890 3530 958 3571 cum
977 3507 1015 3569 ad
1034 3529 1081 3569 ro-
1110 3511 1219 3590 ΙΡΙιιὶχᾱο

121 3639 191 3696 gum
204 3615 373 3688 efferretur,
392 3615 541 3696 diriperet,
560 3632 724 3694 corpusque
743 3611 823 3672 omni
839 3606 1016 3671 contumelia
1036 3605 1081 3666 af·
1092 3577 1184 3690 {¹¹:23²
1193 3592 1247 3708 ’ἐξ

121 3715 238 3776 fectum
260 3734 337 3774 unco
357 3715 494 3774 traheret
1093 3707 1234 3764 uiuum,c.

161 3821 192 3874 8.
204 3812 292 3873 Dum
307 3813 363 3871 ista
375 3809 462 3881 fiunt,
473 3809 590 3870 Marius
602 3808 714 3868 relictis
723 3825 811 3886 supra
822 3804 958 3885 infraque
965 3802 1082 3864 Urbem
1094 3777 1218 3900 ll'ppim.

121 3911 160 3972 ad
175 3909 324 3972 “candos
336 3918 516 3970 commeatus
533 3904 686 3988 presidiis,
701 3914 735 3965 ut
754 3905 845 3964 etiam
859 3924 898 3963 ex
917 3901 995 3981 agris
1010 3902 1081 3961 sub·

122 4011 294 4070 vectionem
315 4027 432 4068 omnem
457 4012 633 4086 amputaret,
657 4003 757 4064 vicina
782 4001 905 4083 oppida,
926 3997 1083 4080 inquibus

122 4101 228 4188 pop'uli
242 4104 375 4166 Romm
390 4105 495 4164 horrea
507 4111 603 4173 erant,
616 4101 715 4161 subito
728 4118 890 4179 aggressus,
901 4097 1041 4167 Antium,
1052 4104 1084 4156 et
1110 4099 1166 4150 Ην.
1176 4097 1247 4165 Epic.

123 4204 277 4276 Ariciam,
291 4213 323 4264 et
337 4202 512 4272 Lanuvium,
531 4209 563 4260 et
580 4207 723 4280 praeterea
742 4195 900 4290 nonnullas
913 4195 990 4258 dias
1000 4191 1083 4255 colo-
1094 4180 1165 4232 ⁰¹⁰⁸·

422 4406 436 4452 1
456 4401 549 4454 laeedt't
560 4399 621 4453 cdd.
634 4407 697 4451 ants
709 4397 787 4451 Cres.
