3300 5225
412 563 500 628 4504
897 578 934 629 r.
957 578 1055 627 iivii

577 730 666 783 cutus
677 721 813 802 vestigia,
826 740 925 783 rocus
941 720 1074 781 bostibus
1091 728 1190 783 castra
1204 718 1340 801 reliquit:
1364 720 1535 802 militesque

577 818 619 879 sd
631 840 722 879 unum
734 838 837 881 omnes
854 818 1026 889 incolumes,
1046 836 1115 879 cum
1137 816 1354 899 impedimentis
1364 820 1536 879 tormentis-

414 922 524 988 apptaa.
577 936 636 996 qne
648 917 679 976 iii
690 925 758 977 tuta
769 924 974 997 pervenenint.
1016 912 1093 975 Inde
1112 914 1149 975 L.
1167 914 1257 996 Sylla
1273 915 1363 994 longo
1375 914 1535 975 circumitu

414 1020 469 1072 liv.
480 1018 547 1083 epu.
578 1034 658 1085 usim,
670 1032 733 1095 qua
745 1014 867 1073 minime
883 1019 1025 1074 ventum
1042 1012 1214 1093 putubatur,
1229 1006 1357 1092 irrupiti
1370 1011 1536 1073 Samnites-

415 1117 524 1183 Appin.
577 1130 636 1191 que
649 1110 807 1191 improviso
825 1108 992 1170 discrimine
1012 1107 1056 1169 its
1073 1106 1189 1179 terruit,
1207 1117 1241 1168 ut
1260 1108 1367 1169 occisis
1385 1106 1536 1188 piurimis,

577 1216 692 1267 ceteros
704 1207 735 1265 in
745 1204 848 1286 iugum
859 1206 1031 1285 conjiceret.
1073 1202 1148 1265 Dux
1159 1203 1286 1264 bostium
1295 1203 1423 1285 Papius,
1432 1224 1536 1285 prose-

578 1303 739 1391 quentibus
746 1322 866 1363 suorum
873 1301 988 1383 paucis,
998 1300 1162 1361 AEseiuiam
1170 1301 1288 1361 mucius
1297 1301 1442 1381 pervenit.
1461 1299 1536 1382 syr-

578 1399 621 1473 ia,
634 1400 732 1482 ceptis
741 1398 919 1459 Samnitium
931 1398 1048 1467 castris,
1060 1396 1101 1457 sd
1115 1395 1284 1457 Bovianum
1297 1396 1438 1479 perrexit.

617 1503 670 1557 88.
691 1496 862 1577 Precipure
883 1492 1071 1557 cisribidiuis
1088 1492 1142 1553 ills
1163 1503 1337 1575 tempestate
1362 1493 1537 1555 Βοιίιιιιιιιι

578 1600 653 1665 erat,
666 1593 819 1673 tribusque
832 1593 951 1653 arcibus
967 1600 1000 1651 et
1015 1591 1164 1651 communi
1182 1591 1279 1669 gentis
1289 1588 1418 1651 concilio
1429 1610 1536 1672 super-

578 1690 691 1751 biebat.
733 1689 822 1770 Syllo
834 1688 937 1749 divisis
948 1687 1044 1769 copiis
1055 1706 1124 1749 cum
1138 1688 1202 1767 ipse
1211 1686 1252 1747 sd
1265 1686 1369 1748 urbem
1380 1687 1468 1765 signa
1479 1686 1537 1747 ad·

579 1807 701 1847 movens
722 1786 926 1849 Boriauenses
938 1786 969 1845 iii
980 1805 1012 1845 se
1026 1784 1238 1853 convertissetz
1262 1784 1337 1844 alios
1348 1782 1440 1863 longo
1452 1782 1537 1845 dexu

578 1884 805 1955 circummissus,
828 1902 919 1963 quem
943 1884 1071 1963 primum
1092 1891 1212 1961 ponent
1231 1880 1343 1943 arcium
1361 1902 1539 1963 expugnem

573 1982 684 2060 jubet:
710 1980 843 2041 sutirum
863 1989 954 2051 ratus,
976 1978 1058 2059 quod
1077 1978 1200 2050 accidit,
1217 1985 1262 2049 ut,
1282 1997 1349 2039 eam
1369 1979 1400 2038 iii
1417 1989 1537 2060 purtem

580 2077 658 2139 unde
672 2078 757 2138 initio
768 2075 984 2137 seosteudisiet
992 2075 1233 2137 concurrentibus
1241 2074 1409 2156 oppidanis,
1419 2078 1538 2155 segnior

578 2173 618 2234 dc
630 2173 836 2235 remotioribus
846 2192 919 2234 curs
931 2180 1018 2233 esset.
1061 2171 1127 2231 Ubi
1139 2180 1260 2253 captum
1276 2191 1373 2231 arcem
1386 2191 1427 2232 ex
1440 2172 1537 2245 fumo,

578 2272 622 2331 sic
633 2272 713 2331 enim
723 2278 915 2340 convenerat,
932 2268 1084 2347 coguovit,
1096 2268 1159 2350 ipse
1174 2288 1294 2349 quoque
1306 2276 1372 2329 tots
1383 2267 1463 2329 mole
1481 2290 1539 2351 op-

579 2388 711 2450 pugnare
731 2368 835 2427 urbem
860 2366 961 2448 coepit.
1000 2364 1109 2425 Tribus
1127 2366 1247 2425 omnino
1265 2365 1346 2426 horis
1361 2362 1476 2426 sortiter
1497 2368 1538 2426 ab

579 2466 705 2525 owni·
723 2472 920 2546 repugnatum
936 2472 993 2523 est.
1035 2459 1114 2529 Iade
1130 2480 1199 2523 cum
1211 2470 1244 2521 et
1255 2482 1276 2523 a
1285 2470 1376 2543 capte
1387 2470 1473 2543 perte
1486 2484 1539 2523 ur·

580 2562 627 2623 bis
637 2562 810 2627 decurrente
823 2560 966 2622 Romano
979 2578 1087 2641 auceps
1101 2566 1197 2620 metus
1209 2559 1450 2633 circumsisteret,
1465 2580 1539 2642 piu-

580 2659 690 2740 fligatis
700 2659 914 2732 defensoribus,
927 2656 1016 2739 Sylla
1028 2656 1165 2718 Boviano
1177 2677 1230 2738 per
1241 2657 1303 2718 rim
1314 2657 1426 2738 potitus
1438 2668 1494 2720 est.

621 2763 672 2818 39.
693 2755 813 2816 Deinde
833 2755 894 2816 iste
912 2754 1087 2817 circumlato
1105 2753 1179 2814 belli
1197 2763 1317 2825 terrore,
1334 2773 1404 2814 cum
1417 2751 1539 2834 eliquot

581 2853 707 2935 populos
718 2853 886 2935 recepisset,
904 2861 1063 2934 appetente
1076 2850 1182 2932 byeme
1195 2849 1234 2914 sd
1246 2851 1419 2932 petitionem
1428 2871 1536 2914 consu·

581 2949 661 3010 latus
670 2949 803 3011 Roaim
815 2948 964 3031 profectus
974 2958 1037 3010 est:
1058 2957 1140 3009 certe
1157 2946 1277 3028 quidem
1289 2967 1342 3029 spe
1352 2967 1537 3030 consequeu-

409 3047 472 3100 ·li‘v
480 3047 548 3114 Epit-
581 3044 614 3105 di
626 3047 756 3119 bonoris,
769 3066 837 3106 cum
850 3054 897 3106 tot
908 3053 1064 3125 tantasque
1082 3065 1140 3116 res,
1158 3053 1284 3124 quantes
1296 3063 1364 3104 raro
1376 3045 1538 3125 quisquam

435 3144 559 3208 Diodap.
582 3141 660 3202 alius
671 3151 740 3202 ente
751 3141 950 3214 consulatum,
965 3141 1158 3210 ωιιίοοίιιιοις
1181 3140 1372 3222 eamquesibi
1384 3139 1537 3202 fortitudi-

419 3210 481 3323 ⁸1ss
482 3238 629 3339 esyuffl
650 3238 872 3320 prudentiaque
900 3237 1088 3299 couciliaoeet
1109 3237 1370 3308 existimationem,
1395 3246 1428 3298 ut
1452 3237 1537 3320 apud

419 3345 477 3391 et·
581 3336 664 3397 cives
681 3355 804 3415 magnus
828 3333 1073 3407 dux,ma1imus
1094 3334 1174 3416 apud
1194 3336 1315 3406 socios,⁸
1314 3334 1414 3420 apud
1434 3335 1539 3396 bostes

581 3432 672 3494 etiam
683 3431 929 3492 fortunatissimus
940 3431 1108 3492 baberetur.
1150 3429 1248 3509 Igitur
1261 3451 1331 3492 cuni
1348 3439 1448 3510 togam
1461 3451 1536 3494 cau-

581 3527 683 3589 didam
699 3530 859 3600 sumsisset,
872 3529 1001 3588 comitiis
1016 3526 1231 3599 consularibus,
1244 3546 1329 3608 piene
1345 3529 1478 3588 omnium
1491 3530 1536 3589 ci·

418 3627 459 3677 ΥΘ
460 3627 485 3678 ΙΙ
492 3644 523 3678 ιι
531 3631 571 3678 17
582 3627 662 3686 vium
673 3625 830 3706 suffragiis,
840 3644 918 3686 euno
928 3625 1023 3686 aetatis
1032 3643 1093 3684 suas
1103 3623 1426 3705 undequinquagesimo
1435 3624 1537 3706 desig·

583 3732 736 3785 natusest.

435 3823 488 3873 Cit-
500 3825 532 3873 <ie
623 3827 675 3881 40.
696 3821 745 3882 Ee
760 3819 882 3881 comitia
895 3827 1046 3882 certamen
1062 3818 1143 3879 buud
1161 3819 1338 3881 minutium
1355 3817 1538 3891 bcbuemnt,

420 3969 444 4004 e
419 3887 571 4005 whp
584 3918 623 3979 (J.
642 3917 726 3978 Julio
740 3917 860 3978 casare
878 3917 1065 3978 consulatum
1081 3927 1186 3977 contre
1203 3917 1283 3995 leges
1300 3925 1429 3998 petente.
1474 3915 1538 3976 Sed

582 4019 723 4099 quoniam
747 4014 787 4076 ad
806 4035 844 4076 ea
866 4023 1000 4097 tempora
1017 4033 1168 4075 acceaeum
1189 4023 1246 4086 est,
1268 4014 1377 4094 quibus
1395 4012 1538 4094 frequens

614 4229 1039 4296 ⁸irwimupssmtoi11miao
1073 4231 1121 4280 lat.
1155 4230 1293 4294 Interpres
1310 4228 1449 4278 Plutarchi
1469 4229 1539 4278 niele

581 4299 749 4360 wadamirus.
782 4297 949 4346 Hocetson
950 4303 1039 4346 irtio
1075 4295 1259 4362 vertitssciss,
1280 4296 1379 4344 etFrr
1380 4296 1507 4344 iiuustiem
1483 4309 1537 4344 uim

530 4417 534 4432 Ι
582 4361 769 4426 (immotam
747 4375 909 4425 iquqausus
920 4361 1040 4412 eitPtu·
1075 4375 1178 4426 quoque
1205 4362 1234 4414 iu
1250 4333 1385 4412 fraudem
1418 4359 1534 4411 induxit.

582 4427 696 4484 teretius,
714 4437 743 4478 et
759 4441 850 4478 ιιιιιιι
871 4427 939 4478 ratio
955 4433 1041 4492 poeta·
1077 4427 1149 4477 Cres.
