3300 5225
398 525 488 597 4538

884 549 918 597 Τ.
943 551 1040 598 mvn

544 670 661 777 vosne:
682 711 835 754 occursum
858 703 1023 755 metuerent
1044 693 1193 756 hominum
1216 693 1256 755 ob
1277 692 1428 776 perionis:
1456 713 1515 754 non

558 789 836 876 minus-metuende
848 792 888 852 ob
904 793 1056 873 penuriam
1071 791 1246 853 solitudines
1258 801 1353 854 erent.
1396 789 1470 850 Sero
1482 790 1516 852 in

561 887 707 949 bubulcos
729 908 842 969 paucos
861 889 1039 962 inciderunt,
1061 889 1113 969 qui
1125 889 1196 950 dsre
1210 889 1330 969 quidem
1344 887 1417 948 nihil
1430 897 1516 968 pote·

561 993 627 1044 rent
639 993 758 1064 egentes
769 986 933 1064 egentibus,
947 984 1000 1046 sed
1016 987 1148 1065 eguinum
1163 985 1295 1046 Marium
1314 982 1448 1046 celeriter
1461 985 1515 1062 ju·

560 1080 673 1140 bebent
686 1101 719 1142 se
731 1080 912 1142 subducere:
934 1091 943 1118 ‘
959 1081 1049 1163 poulo
1063 1083 1142 1142 enim
1156 1091 1224 1142 sute
1241 1081 1378 1161 niegnsm
1396 1079 1516 1140 affuisse

437 1190 439 1194 ·
559 1177 692 1257 equitrun
704 1197 836 1250 menum,
849 1199 917 1258 quse
935 1178 1020 1239 illum
1033 1175 1199 1260 quereret!

599 1277 650 1335 32.
671 1273 811 1335 Plurima
826 1284 891 1334 tum
905 1274 1047 1336 melorum
1062 1277 1160 1355 imego
1173 1275 1407 1338 circumsistebat
1418 1272 1513 1334 bomi-

558 1389 636 1430 nem.
678 1369 802 1442 Nudus,
813 1370 956 1442 desertus,
970 1371 1064 1453 inops,
1076 1373 1151 1430 inter
1163 1373 1265 1431 mortis
1276 1380 1309 1430 et
1319 1365 1514 1431 contumelie-

558 1485 624 1525 rum
636 1465 769 1527 sssiduos
780 1475 916 1539 terrores,
936 1466 1059 1528 Itelism
1078 1487 1168 1547 quam
1190 1452 1359 1528 bonoribus
1369 1464 1514 1546 imperiis-

558 1563 690 1642 quossis
701 1564 791 1624 toties
809 1572 979 1635 ornsverst,
992 1563 1083 1624 semel
1102 1564 1267 1644 iterumque
1279 1561 1467 1632 defenderat,
1482 1569 1516 1620 ut

557 1659 694 1721 hostilem
708 1669 816 1721 terrem
828 1658 930 1739 ingere
944 1660 1115 1740 cogebatur.
1145 1658 1274 1739 Jamque
1286 1659 1376 1720 etism
1389 1651 1515 1718 comite's

557 1756 649 1817 tsedio
670 1763 703 1818 et
723 1756 823 1817 inedie
841 1756 1037 1827 fatiscebant:
1060 1777 1129 1818 cum
1145 1757 1254 1818 omissa
1270 1756 1394 1817 miiitsri
1408 1755 1469 1828 vis,
1482 1756 1513 1817 in

557 1853 735 1934 profundum
748 1873 852 1915 nemus
865 1854 994 1914 secessit.

598 1955 649 2010 88.
670 1950 721 2010 Ibi
741 1970 811 2012 cum
832 1969 1024 2010 aerumnosam
1046 1969 1117 2010 esne
1140 1959 1258 2010 noctem
1279 1948 1439 2028 exegisset,
1457 1969 1511 2010 co-

557 2056 645 2128 gente
659 2047 770 2128 inopis,
784 2056 816 2108 et
827 2065 960 2128 corpore,
975 2046 1070 2108 donec
1083 2046 1200 2127 sliquid
1217 2055 1382 2128 superesset
1393 2047 1511 2119 virium,
1524 2065 1526 2072 ·

557 2163 672 2214 usurus,
685 2143 847 2204 secundum
868 2141 950 2203 littus
970 2143 1099 2214 incessit,
1120 2143 1281 2204 sdbortsns
1292 2144 1426 2214 comites,
1448 2152 1511 2203 ‘ne
1571 2127 1575 2136 ⁵

556 2240 716 2302 deficerent
728 2240 846 2314 animis,
870 2260 943 2300 neve
964 2261 1030 2321 spes
1050 2261 1118 2300 suss
1138 2249 1297 2312 extremes,
1317 2249 1349 2300 et
1370 2239 1512 2320 promisse

556 2339 708 2397 numinum
730 2338 888 2397 immature
910 2337 1035 2397 mollitie
1057 2345 1284 2419 corrumperent.
1334 2335 1400 2396 Sibi
1420 2337 1511 2410 enim,

555 2454 625 2496 cum
636 2435 697 2496 ruri
710 2433 949 2497 adolescentulus
972 2443 1082 2514 egeret,
1104 2434 1135 2495 id
1155 2443 1301 2494 ostentum
1319 2434 1463 2506 euenisse,
1478 2443 1512 2496 ut
1528 2421 1531 2426 ¹

451 2539 458 2554 ’
555 2539 669 2614 septem
682 2530 755 2613 pulli
766 2530 890 2612 aquilini
902 2551 971 2592 cum
985 2532 1050 2610 ipso
1063 2531 1134 2592 nido
1148 2531 1177 2590 in
1190 2528 1310 2591 sinum⁶
1322 2528 1510 2590 deciderent:

557 2629 786 2709 parentibusque
803 2628 864 2689 suis
882 2628 1032 2688 consultos
1050 2628 1228 2709 horuspices,
1238 2626 1433 2709 respondisse,
1446 2627 1510 2689 fore

555 2744 587 2784 se
600 2725 769 2785 mortsiiurn
781 2727 912 2787 omnium
924 2724 1130 2795 clarissimum,
1140 2744 1342 2804 summumque
1355 2724 1511 2805 imperium

556 2822 600 2880 uti
612 2822 721 2902 septies
739 2832 887 2903 capessat,
908 2822 1001 2882 istsie
1018 2822 1102 2882 esse!
1144 2820 1184 2881 Id
1201 2814 1325 2902 ¹quidem
1344 2841 1422 2902 saepe
1438 2822 1509 2900 jac-

555 2930 633 2979 tasse
658 2919 790 2979 Marium
816 2921 847 2979 in
870 2918 1005 3001 confesso
1028 2928 1092 2979 est:
1121 2919 1256 2979 reivers
1280 2917 1370 2979 fidem
1395 2928 1510 2980 ustum

555 3016 656 3075 svium
668 3018 753 3097 periti
766 3016 921 3096 derogent,
933 3026 1074 3096 negantes
1087 3016 1218 3097 aquilem
1228 3016 1314 3098 plurs
1323 3015 1441 3076 duobus
1450 3036 1510 3077 ors

555 3132 667 3192 perere.
709 3112 771 3173 Sed
790 3122 890 3173 tumen
909 3112 939 3172 id
963 3134 1031 3173 vere
1049 3134 1100 3173 seu
1122 3112 1198 3173 isiso
1216 3114 1394 3195 expositum,
1410 3112 1510 3173 Mario

554 3216 618 3268 tum
640 3210 781 3291 temporis
800 3209 921 3291 profuit,
943 3220 977 3270 ut
1000 3210 1039 3270 sd
1063 3218 1198 3271 extreme
1216 3211 1315 3271 omnis
1337 3230 1420 3291 spem
1443 3211 1508 3271 sui-

554 3324 675 3387 mosque
687 3307 810 3368 comites
822 3307 866 3367 eui
882 3290 1031 3368 durarent.

594 3410 645 3465 ³4.
666 3404 729 3465 Sed
747 3405 798 3465 ubi
816 3404 856 3465 ed
876 3424 980 3486 pessus
997 3405 1044 3464 bis
1061 3404 1144 3464 mille
1157 3403 1332 3483 quingentos
1346 3403 1508 3466 Minturnis

553 3500 724 3573 abfuerunt,
738 3503 825 3563 sirnul
844 3504 977 3583 equiturn
999 3502 1079 3564 stem
1097 3500 1136 3562 sd
1153 3522 1185 3561 se
1203 3500 1373 3561 tendentem
1390 3502 1507 3563 eminus

552 3619 745 3681 conspexere,
757 3599 845 3660 simui
867 3600 943 3661 dues
966 3620 1057 3660 neves
1076 3598 1235 3668 ouersriss,
1250 3617 1342 3678 prope
1360 3598 1443 3659 littus
1455 3619 1509 3680 per

553 3696 634 3777 quod
646 3696 825 3757 incedebsnt
837 3698 904 3779 ipsi,
915 3694 985 3758 vele
996 3697 1148 3757 facientes.
1181 3695 1280 3775 Igitur
1293 3694 1332 3755 sd
1345 3696 1398 3755 hos
1410 3696 1510 3757 citsto

553 3812 639 3853 cursu
650 3790 756 3865 deleti,
769 3794 909 3876 projectis
927 3794 959 3853 in
974 3814 1054 3853 mere
1073 3792 1246 3872 corporibus
1265 3790 1418 3853 sdnstsnt.
1462 3791 1507 3853 Et

554 3888 684 3951 Granius
695 3889 817 3970 quidem
831 3889 927 3951 alters
947 3890 1065 3951 nsviunr
1079 3898 1233 3970 exceptus,
1247 3890 1279 3947 in
1291 3888 1445 3949 IEnsrism
1458 3890 1505 3951 in-

551 3987 648 4048 sulem
668 3990 796 4070 trojecit.
838 3988 1093 4075 Mariuscorpore
1114 3987 1243 4066 gravior,
1263 3986 1358 4046 multo
1378 3985 1505 4048 duorutn

552 4104 702 4145 serrorum
723 4084 824 4146 lsbore
843 4085 896 4145 vix
914 4085 1095 4156 sublevatus,
1109 4092 1140 4143 st
1158 4084 1188 4141 in
1207 4081 1330 4151 niteram
1351 4083 1506 4164 impositus

553 4190 608 4243 est.
647 4181 776 4263 Jsrnque
797 4182 923 4243 ederent
938 4183 1063 4262 equites,
1081 4190 1113 4241 et
1129 4188 1236 4241 nsutss
1248 4178 1379 4243 elamore
1390 4182 1506 4243 cientes

779 4400 796 4446 s
812 4397 983 4451 lusercbstur
995 4402 1056 4449 ente
1070 4396 1147 4449 cres.
1160 4410 1210 4447 vos
1221 4394 1280 4457 ejus.
1401 4414 1405 4422 ¹
