3300 5225
374 581 481 634 aruer
507 565 650 636 nxxrv.
672 583 1000 639 surrunnnrrrnu.
1157 575 1245 641 4477

147 765 149 771 -
169 733 219 788 11.
243 725 314 788 Duo
330 727 402 789 lrinc
421 726 528 788 endem
545 735 678 810 tempme
696 747 780 808 reges
796 729 915 802 exules,
932 729 1080 792 Aricbsr·

127 843 217 889 unes
230 824 445 908 Cappadociae,
464 824 649 888 Nicomedes
663 825 829 907 Bithyniae,
849 847 919 888 eum
934 827 1005 890 odio
1018 828 1079 890 lli-

125 923 265 984 thridatia
279 923 458 985 favorabiles
468 923 577 986 Romre
590 933 700 996 essent,
714 943 886 1005 quanquam
898 925 975 986 durs
986 927 1081 1008 impe·

125 1021 164 1082 rii
175 1029 310 1102 temporo
320 1029 416 1092 erant,
425 1021 619 1104 impetrarunt
627 1029 738 1094 temen,
749 1031 794 1094 ut,
804 1021 925 1102 quondo
934 1025 1084 1086 exercitus

124 1138 183 1180 non
191 1128 304 1200 posset,
313 1118 523 1198 saltemlegeti
531 1119 727 1180 mitterentur.
752 1119 834 1181 Haec
842 1141 921 1182 anno
932 1125 1082 1204 superiore

125 1225 196 1278 acta
215 1216 345 1288 friemnt,
364 1215 514 1297 legatique
537 1225 622 1278 erant
642 1216 768 1299 profecti
788 1217 847 1278 Μ’.
861 1219 1018 1299 Aquillius
1035 1223 1082 1282 vir
1108 1237 1201 1289 runa.

124 1313 302 1384 comnena,
314 1322 348 1375 et
363 1333 402 1374 ex
420 1315 565 1395 pretoriis
586 1315 732 1376 Manilius
756 1315 942 1377 Muciam·
978 1316 1080 1399 Scrip-
1091 1309 1239 1417 rayner.

123 1419 186 1472 turn
200 1431 320 1500 qnoque
343 1409 441 1472 fuerat
459 1410 495 1472 L.
516 1411 622 1472 Cassio
637 1413 745 1472 Asiam
764 1432 834 1474 cnm
852 1413 956 1494 paucis
973 1415 1081 1476 cohor·
1117 1383 1201 1436 ΝΜ

123 1507 204 1568 tibus
223 1509 380 1581 obtinenti,
402 1519 410 1546 ⁶
426 1519 460 1570 ut
476 1509 666 1572 restituendis
686 1510 806 1589 regibus
825 1509 939 1590 legatos
951 1511 1081 1591 adjura·

122 1605 189 1664 m?

164 1707 215 1762 12.
237 1700 369 1762 Idemet
389 1722 408 1763 n
430 1702 609 1764 Mithridate
628 1701 809 1784 postulatum
828 1711 903 1763 erat.
945 1701 1007 1765 Sed
1027 1703 1081 1766 ills

121 1817 219 1878 neque
228 1797 386 1860 delendere
399 1819 488 1860 ausus
499 1820 589 1880 quem
601 1802 796 1862 constituerat
808 1819 983 1878 regem,nec
992 1801 1079 1882 adjo-
1131 1869 1138 1879 ‚
1226 1865 1234 1876 ,

120 1903 184 1960 tum
198 1895 303 1957 rolens
315 1917 403 1978 quem
417 1897 585 1980 expulerat,
599 1899 731 1979 quievit:
753 1898 921 1980 legatisque
932 1897 1081 1960 Romo
1108 1913 1158 1963 Dio

119 1992 261 2074 quedam
273 1993 475 2056 incusantibus
487 1995 601 2076 objecit
614 1997 741 2057 invicem
754 2015 830 2077 quar
841 1997 906 2076 ipse
919 2015 1025 2077 passrn
1033 1999 1078 2056 in·
1091 1977 1161 2094 fif'·
1214 2005 1226 2023 ·

114 2091 214 2170 jurias
223 2100 311 2164 esset,
322 2101 523 2174 quantumque
534 2095 596 2155 rim
604 2094 679 2166 auri,
688 2092 1078 2176 utRomenospublicepri·
1131 2077 1140 2096 ⁸

117 2191 250 2250 ratimre
263 2189 473 2262 demereretur,
486 2200 646 2272 erogasset.

160 2292 213 2346 1³.
235 2286 288 2347 Ita
306 2287 399 2368 legeti
416 2297 448 2348 et
460 2288 582 2350 Cassius
593 2287 761 2350 delectibus
773 2308 828 2370 per
841 2287 1077 2368 Gallogrecian
1089 2307 1197 2375 Appen,

117 2401 156 2442 sc
170 2381 342 2464 Phrygiam
355 2385 477 2458 habitis,
490 2394 522 2446 et
534 2385 688 2466 adjuncto,
702 2386 754 2466 qui
764 2406 854 2467 penes
861 2384 999 2446 Gessium
1007 2395 1077 2447 anta

115 2477 229 2552 nens,
243 2482 390 2553 exercitu,
404 2480 605 2543 Nicomedem
618 2483 648 2542 in
661 2483 826 2564 Bithyniae,
838 2481 1076 2544 Ariobarzanem
1088 2501 1143 2554 h'v.
1153 2501 1222 2569 Epis.

116 2579 148 2639 in
162 2578 369 2661 Cappadocia
379 2591 472 2659 regna
484 2579 675 2641 redolerent.
710 2579 898 2643 Socrstesnd
913 2579 1075 2641 Mithrida·
1102 2600 1194 2654 lasne.

114 2684 179 2739 tem
199 2675 346 2756 conlegit,
366 2687 398 2738 et
418 2678 458 2739 ab
477 2697 525 2749 eo,
543 2696 581 2738 ne
599 2684 766 2760 receptator
784 2677 935 2739 rideretur
945 2678 1076 2763 ejusqui
1087 2674 1241 2722 mim-⁸·

115 2772 210 2834 lroetia
220 2776 260 2835 ab
272 2784 376 2836 msto
385 2775 541 2854 judicatus
552 2784 639 2848 esset,
654 2774 826 2836 interlectos
837 2783 894 2836 est
928 2772 1076 2856 Nondum¹

114 2870 198 2930 enim
210 2871 326 2933 nudare
344 2874 476 2933 animum
487 2872 689 2943 constitueret,
705 2892 743 2932 ne
764 2870 841 2933 lorte
860 2870 1017 2931 Romanos
1035 2870 1076 2932 ad

113 2969 264 3031 sociorum
277 2970 470 3051 repetendam
484 2970 646 3031 amicitiem
656 2969 807 3049 adigeret:
830 2988 891 3049 quo
903 2968 1017 3029 diutius
1029 2969 1075 3029 in·

113 3070 234 3130 testinis
253 3068 407 3131 discordiis
428 3069 674 3150 relinquerentur,
695 3067 763 3150 plus
779 3068 886 3129 virium
907 3068 1076 3130 missuros.

115 3166 262 3228 ‘Interea
279 3187 370 3249 seque
383 3176 415 3229 et
426 3166 585 3247 Tigranem
598 3167 692 3227 otiose
701 3166 808 3227 instrui
827 3166 867 3225 nd
880 3174 998 3227 tentum
1009 3166 1075 3227 bel-
1102 3184 1194 3236 snm,

114 3266 191 3338 lum,
205 3274 239 3327 et
248 3266 407 3347 preparari
421 3265 527 3347 posse!
569 3264 692 3347 Quippe
704 3264 821 3324 duobus
833 3262 954 3323 offensis
970 3276 1074 3347 poten·
1086 3264 1205 3301 ¹¹¹'¹¹¹·
1212 3253 1239 3303 ⁸·

113 3364 236 3425 tissimis
248 3364 366 3443 regibus
379 3366 463 3441 (nam
475 3361 620 3443 Tigranes
634 3360 860 3445 Cappadociam
872 3366 1023 3442 tenuerat)
1035 3362 1074 3423 de

113 3460 198 3525 bello
211 3460 362 3521 Romanis
375 3458 528 3521 inferendo
538 3458 626 3520 lecile
640 3459 788 3520 convenit.

156 3566 207 3620 14.
229 3556 398 3618 (lumeninr
407 3557 478 3617 hinc
488 3556 558 3617 inde
569 3554 732 3635 legationes
744 3548 955 3638 commearent,
967 3552 1074 3614 eadem
1181 3622 1185 3631 Ι

114 3656 252 3717 omnibns
264 3663 297 3715 et
309 3662 441 3735 acceptae
451 3653 568 3734 injurire
580 3652 755 3732 indignatio,
764 3659 797 3712 et
804 3650 977 3712 vindicandi
988 3652 1072 3731 cupi-

113 3751 204 3821 ditas,
216 3760 249 3811 et
260 3770 327 3832 spes
340 3752 371 3810 in
381 3751 470 3811 armis
482 3758 556 3811 eret.
597 3758 607 3787 ‘
619 3748 693 3811 Hoc
705 3768 768 3809 esse
781 3758 899 3830 tempus
910 3747 998 3821 illud,
1012 3766 1072 3827 qno

112 3850 237 3911 tandem
256 3848 383 3930 depn'rni
396 3858 428 3909 et
447 3848 575 3911 coerceri
589 3847 730 3928 superbia
742 3844 948 3905 Romanorum
962 3852 1070 3925 posset.

114 3944 268 4008 Homines
281 3953 413 4007 assuetos
431 3944 587 4027 impotenti
605 3944 742 4025 imperio,
757 3955 825 4004 cunr
838 3940 920 4003 domi
931 3942 1003 4001 satis
1014 3942 1070 4000 tuti

143 4206 156 4235 ⁸
173 4196 296 4247 Manilius
311 4194 452 4259 neurus]
468 4196 573 4245 Nomen
609 4192 744 4244 lllndrsrii
755 4193 978 4252 redemntarnnt.
995 4191 1070 4243 Gre-

109 4262 186 4341 lrpjns
197 4264 276 4326 legati
290 4262 367 4311 nlitsr
378 4262 473 4339 legirnr
482 4260 574 4339 indos·
609 4260 666 4309 rins
682 4260 707 4309 ln
726 4265 781 4309 not.
794 4258 826 4307 sd
838 4258 970 4337 :lustinum
980 4264 1071 4335 nannet

110 4325 575 4444 323²,r;·t:il::¹n,lrlttt
609 4324 1072 4455 lrwltltlnttl'etf

109 4456 423 4521 nsinsnditnnrsltspod
433 4456 576 4519 Rcmsncs,
