3300 5225
903 563 939 614 Τ·
963 563 1058 612 utvtt

583 727 650 768 sum
670 705 787 770 occulte
810 705 969 780 morderet,
990 707 1140 770 exereitus
1161 705 1263 789 palem
1281 705 1523 786 indignantissime

583 804 670 866 tulit:
690 813 722 866 et
735 813 854 886 petente
866 805 1015 887 Pompeio
1038 813 1073 866 ut
1092 803 1359 887 proficiscerentur,
1378 803 1481 864 multis
1499 806 1525 864 iu

537 931 548 948 ·
582 900 760 962 dictstorem
771 902 925 974 conviciis,
946 911 956 938 ‘
970 911 1126 983 wrannum
1138 909 1171 962 et
1180 901 1326 962 Ginnam'
1337 900 1524 982 appellantes,

583 1006 727 1078 negarunt
748 1007 757 1034 ⁴
771 1019 803 1058 se
816 1018 952 1080 paesruos
964 1008 999 1059 ut
1009 1000 1073 1058 sine
1086 999 1251 1077 legionibus
1261 988 1294 1058 se
1306 997 1412 1058 credat
1424 994 1525 1057 homini

581 1095 696 1158 crudeli
708 1103 739 1156 et
750 1094 887 1176 perfido!
927 1093 1082 1156 Adversus
1093 1095 1157 1156 haec
1169 1095 1335 1176 Pompeius
1346 1093 1461 1154 orando
1472 1114 1525 1154 mo·

581 1191 738 1272 nendoque
752 1192 886 1270 mitigare
898 1192 989 1252 iratos
1004 1192 1186 1254 conabatur:
1204 1191 1258 1252 sed
1273 1191 1334 1250 ill'n
1346 1192 1377 1252 in
1389 1191 1525 1251 sententis

581 1288 814 1371 persistentibus,
828 1288 858 1347 in
877 1287 1112 1358 tebernoculum,
1134 1287 1239 1348 relicto
1260 1287 1415 1358 tribunali,
1436 1286 1525 1366 lacry-
1566 1333 1570 1341 ,

580 1383 748 1448 mabundus
760 1405 791 1444 se
804 1385 925 1465 recepit
966 1383 1043 1444 Tum
1057 1384 1103 1444 illi
1119 1383 1326 1465 reprehensum
1345 1385 1455 1444 iterum
1470 1381 1525 1444 col·

580 1481 718 1543 locarunt
730 1482 760 1541 in
771 1489 910 1561 mrggesor
921 1499 930 1540 t
943 1500 1111 1561 magnaque
1121 1479 1182 1540 diei
1194 1500 1264 1562 pars
1274 1479 1333 1540 lrao
1344 1481 1525 1542 contentione

459 1604 465 1612 ·
579 1587 700 1640 exemto
713 1587 769 1650 est,
781 1576 889 1650 donee,
908 1577 1085 1638 instantibus
1102 1576 1166 1638 illis
1183 1584 1216 1640 et
1226 1577 1389 1642 clamorem
1402 1576 1526 1637 tollenti·

579 1673 647 1748 bus,
670 1675 786 1756 juravit
812 1675 871 1736 sibi
899 1695 1004 1736 manus
1025 1673 1186 1736 allammm
1214 1695 1289 1747 esse,
1314 1677 1346 1736 ni
1365 1675 1524 1756 quiescant.

579 1773 671 1854 AEgre
688 1774 873 1838 destiterunt.

417 1863 544 1982 egilem·
619 1879 670 1934 28.
693 1871 776 1934 Inter
788 1873 854 1934 lrsec
866 1870 1004 1953 AEgyptii
1017 1871 1109 1950 legati
1123 1880 1267 1932 venerunt
1279 1869 1426 1942 Romam
1441 1869 1525 1931 Cleo-

417 1995 569 2114 ruuc·
580 1977 982 2137 nursinum?
993 1966 1525 2144 nuruum

416 2129 526 2257 {92¹1ss
580 2162 662 2242 regie
688 2163 778 2244 stirpe
807 2161 938 2244 petituri.
994 2160 1080 2222 Nam
1106 2161 1276 2222 Alexandri
1302 2160 1382 2222 iilius
1406 2182 1448 2222 ex
1472 2161 1527 2220 alia

492 2294 498 2307 ·
579 2279 683 2334 uxore,
699 2260 882 2338 cognominis
901 2260 993 2340 patri,
1014 2279 1085 2320 cum
1103 2281 1125 2320 a
1143 2259 1216 2320 Cois
1234 2259 1316 2339 apud
1333 2279 1409 2339 quos
1421 2258 1525 2318 eduea-

579 2357 668 2418 batur
681 2355 852 2418 Mithridati
870 2355 1000 2427 deditrrs,
1016 2356 1056 2416 ab
1075 2357 1133 2416 hoe
1149 2356 1189 2416 ad
1205 2355 1323 2436 Syllam
1343 2355 1524 2437 profugisset,

578 2453 655 2516 inter
672 2453 834 2516 familiares
850 2457 917 2534 ejus
933 2453 1043 2514 Romae
1060 2455 1179 2533 agebat.
1221 2453 1341 2514 Idcirco
1356 2452 1453 2534 Sylla
1468 2462 1524 2512 tun

578 2549 654 2615 alias
672 2553 825 2615 honestrrm
837 2553 895 2613 sibi
907 2551 970 2612 iore
982 2559 1074 2622 ratus,
1089 2551 1223 2633 AEgypto
1234 2571 1333 2631 regem
1346 2551 1523 2633 imposuisse,

577 2657 642 2709 tum
653 2670 692 2711 ex
707 2649 931 2731 opulentissimo
943 2668 1035 2728 regno
1052 2647 1183 2728 praedam
1196 2648 1272 2709 sorte
1284 2669 1419 2730 sperans,
1432 2648 1523 2709 Alex·

577 2744 703 2807 andrum
716 2744 756 2807 ad
769 2746 963 2827 Cleopatram
975 2746 1077 2806 mittit.

619 2848 670 2904 24.
692 2842 754 2905 Sed
767 2844 813 2903 illi
825 2845 937 2926 nuptiis
953 2864 1088 2905 novercae
1105 2842 1203 2925 potito
1214 2841 1295 2903 haud
1307 2843 1382 2903 satis
1393 2842 1453 2903 fuit
1462 2862 1523 2902 oon·

577 2949 687 3002 sortem
704 2942 785 3021 regni
801 2940 914 3003 laetum
927 2961 1002 3013 esse,
1023 2942 1107 3022 quin,
1126 2939 1224 3022 Syllae
1241 2938 1365 3012 fiducia,
1385 2939 1525 3019 quidlibet

414 3042 535 3111 Porphyr.
578 3056 632 3119 pro
647 3038 805 3099 ceraunius
824 3038 951 3099 libidine
967 3036 1097 3099 laceret}
1116 3058 1153 3098 eo
1166 3056 1335 3118 progressus
1347 3038 1484 3106 vesanie,
1495 3042 1524 3094 nt

578 3134 799 3197 undevicesimo
811 3136 926 3217 imperii
943 3134 1004 3207 die,
1017 3136 1211 3217 Cleopatram
1230 3134 1366 3195 audaciae
1384 3153 1447 3193 suoe
1464 3151 1522 3192 snc-
1603 3137 1604 3140 ’

415 3230 523 3299 Atuiti·
577 3242 745 3295 censentem
763 3233 801 3295 de
820 3233 920 3295 medio
937 3232 1065 3295 tolleret.
1107 3232 1170 3293 Sed
1191 3252 1269 3293 mors
1289 3230 1424 3291 mulieris
1443 3230 1522 3311 ipsias

578 3350 697 3411 quoque
719 3331 789 3393 vitae
812 3351 969 3413 properum
990 3329 1092 3391 attulit
1113 3324 1243 3390 tinemzl
1256 3328 1522 3406 Alexandriniqoe,

577 3428 720 3509 correptis
737 3429 874 3501 armis,e
900 3429 983 3507 regia
1000 3436 1180 3509 protractum
1201 3427 1231 3487 in
1253 3424 1423 3507 Gymnasio
1442 3425 1521 3485 inter·

415 3522 533 3593 Porphyr.
577 3535 721 3587 emenmt.
742 3524 887 3606 Regnum
897 3521 1149 3587 adPtolemaeum
1160 3533 1357 3604 cognomento
1370 3534 1380 3573 ἕ
1387 3526 1522 3605 juvenen

430 3620 527 3687 Prolog.
580 3620 757 3697 Bacchum:
770 3626 821 3706 qui
835 3624 1005 3686 Ptolemaeo
1017 3622 1125 3693 editus,
1138 3642 1209 3683 mox
1229 3642 1394 3701 cognomen
1408 3619 1520 3681 Auletae
1603 3611 1604 3628 ¹

413 3684 567 3807 'gffiz'ffi
578 3736 617 3779 ex
630 3720 768 3781 tibiarum
781 3720 882 3782 studio
902 3729 1009 3782 nactus
1030 3730 1087 3794 est,
1100 3730 1243 3801 tanquam
1259 3719 1428 3802 proximum
1439 3715 1520 3779 Cleo

414 3820 508 3879 pano.
578 3823 669 3897 pane
681 3818 789 3879 sororis
800 3817 960 3891 haeredem,
974 3817 1117 3901 persenit.

608 4040 621 4074 ¹*
637 4040 687 4092 Sed
696 4042 966 4107 mrsmlierisipsiss
976 4054 1034 4105 qus·
1069 4040 1097 4091 di
1111 4044 1187 4093 tuit.
1198 4056 1226 4106 p.
1239 4044 1297 4092 aas.
1315 4047 1344 4090 et
1361 4038 1396 4089 sd
1411 4050 1470 4087 san.
1483 4033 1520 4085 u.

576 4120 621 4169 que
637 4108 695 4157 site
712 4122 837 4171 propera
851 4110 935 4159 attulit
944 4106 1035 4174 finem]
1069 4110 1145 4159 titt.
1157 4122 1185 4170 p.
1197 4110 1257 4156 tlt.
1283 4104 1358 4155 Idem
1377 4104 1520 4165 senosque

577 4170 757 4221 Alexandrum
785 4174 854 4223 hone
886 4174 1034 4235 quindecim
1069 4169 1520 4237 quedoetissimnsPridellosinsos

578 4236 943 4303 annisinAEgyptoregnasse
956 4238 1035 4287 Usse-
1068 4237 1221 4291 iudeorum
1242 4236 1367 4292 Historia,
1386 4248 1443 4284 xiv.
1466 4229 1519 4302 vid

576 4302 630 4351 rius
644 4304 791 4366 contendit,
808 4305 909 4367 magnis
925 4302 1036 4354 testibus
1070 4312 1158 4353 tamen
1175 4308 1264 4351 notam
1283 4301 1317 4350 ad
1334 4302 1408 4351 illum
1420 4294 1519 4348 Pridellr

578 4366 664 4427 nixus,
686 4368 815 4421 Cicerone
843 4379 872 4419 et
898 4368 1036 4419 Suetonio.
1069 4370 1155 4418 locum
1185 4367 1330 4431 appositam
1361 4366 1390 4415 in
1414 4362 1519 4434 editions

576 4426 954 4498 Videjnsaanalessdannum
963 4446 1036 4485 mun·
1071 4431 1304 4485 Amstetodamensi
1321 4430 1384 4483 suni
1399 4424 1518 4482 umet·
