3300 5225
377 591 482 682 4464·
664 567 668 605 ³
855 607 890 654 r.
914 597 1012 656 nrtrr

448 729 470 782 ⁸
540 745 621 831 quod
642 749 744 810 omnia
766 748 906 810 inierim
927 747 988 810 lide
1010 749 1173 821 hebebant,
1194 745 1270 808 nihil
1292 746 1411 828 injuriae
1435 753 1490 810 ut

539 845 724 909 crudelitatis
735 848 960 928 praetermissam
972 854 1029 908 est.

580 951 631 1006 28.
654 943 703 1004 Ea
723 949 770 1004 res
792 951 930 1006 uumntes
947 942 1138 1019 finitimorum
1160 941 1275 1002 animos
1295 941 1426 1022 impulit,
1454 951 1492 1004 ut

540 1041 703 1104 amicitiam
716 1061 785 1102 cum
803 1040 906 1122 Papio
917 1043 1089 1121 jungerent,
1099 1038 1262 1119 decemque
1275 1039 1409 1120 peditum
1420 1038 1490 1100 mil·

541 1141 594 1212 lis,
609 1138 690 1200 mille
703 1139 818 1218 equites
828 1140 885 1199 sub
901 1159 939 1199 eo
956 1136 1107 1219 stipendia
1121 1137 1253 1198 facturos
1268 1136 1382 1198 darent.
1425 1136 1494 1204 Qut

541 1236 592 1298 ubi
612 1245 766 1307 venerunt,
780 1237 912 1297 Acerras
930 1235 1122 1297 adclanium
1139 1253 1268 1306 mrem,
1282 1243 1439 1315 postquam
1451 1233 1494 1294 ad

540 1334 713 1396 societatem
726 1333 800 1394 belli
810 1333 914 1414 pellici
923 1334 1130 1414 nequiverant,
1140 1331 1339 1393 circunmedit
1382 1328 1422 1390 Ο.
1435 1329 1456 1389 J
1458 1349 1494 1390 c·

539 1429 651 1492 dacilio
663 1451 783 1510 quoque
801 1451 860 1491 non
877 1431 1006 1491 deterior
1023 1441 1175 1490 successus
1191 1448 1245 1509 per
1257 1425 1404 1509 Apuliam
1420 1425 1494 1496 tuit,

541 1525 672 1588 Canusio
683 1525 877 1608 Venusiaque
885 1527 1049 1607 insignibus
1057 1525 1185 1607 oppidis,
1194 1545 1362 1606 magnoque
1371 1541 1496 1584 numero

541 1624 678 1696 aliorum,
700 1626 730 1684 iu
750 1624 933 1694 deditionem
944 1625 1033 1685 armis
1053 1633 1107 1684 aut
1125 1622 1278 1684 voluntate
1299 1622 1503 1697 incolentium,

542 1723 683 1802 acceptis.

541 1803 544 1809 ¹
583 1825 633 1880 29.
657 1817 773 1878 Eadem
785 1825 899 1888 estete,
912 1837 974 1898 qua
990 1816 1056 1878 brec
1073 1816 1198 1878 disemis
1208 1814 1393 1877 Italiaelocis
1410 1835 1496 1897 gere·

380 1921 451 1973 Oros.
458 1935 482 1970 v.
490 1923 530 1970 18.
542 1915 662 1987 bantur,
681 1916 723 1977 P.
735 1913 998 1986 Rutiliusconsul,
1017 1915 1112 1995 copiis
1128 1933 1196 1975 curn
1214 1914 1253 1975 0.
1268 1913 1494 1982 Mariodirisiar

379 2019 487 2084 Appiae.
542 2011 659 2073 Telonii
679 2011 807 2072 fluminis
820 2022 976 2092 utramque
992 2012 1088 2093 ripam
1105 2011 1222 2088 duobus
1232 2014 1338 2074 maun
1353 2010 1496 2073 totidem·

398 2117 488 2168 esum
543 2129 602 2190 que
635 2109 774 2190 pontibus
794 2105 958 2171 obtinebat.
1008 2109 1151 2184 Telonius
1172 2129 1225 2190 per
1248 2109 1370 2170 Marsos*
1387 2109 1499 2181 fluens,

380 2180 514 2295 siffis·
544 2205 624 2287 apud
635 2203 784 2266 Restinos
798 2205 911 2267 Velino
923 2205 1222 2285 flurioconjungibrr.
1254 2203 1367 2266 Iisdem
1379 2207 1410 2266 ia
1420 2205 1498 2266 locis

380 2309 489 2377 Appiae
544 2312 607 2366 tum
618 2302 656 2363 G.
671 2301 794 2362 Vettius
806 2301 887 2363 Ceto
896 2304 1042 2364 sociorum
1051 2310 1158 2383 pretor
1167 2304 1332 2364 exercitum
1344 2302 1494 2363 babebat:

397 2407 476 2456 ovid.
544 2401 664 2483 propius
675 2397 848 2462 Marianum
860 2400 975 2463 vallum
986 2407 1087 2460 caetra
1097 2408 1235 2462 metatus.
1276 2399 1387 2461 lacum
1400 2398 1496 2460 Ruti·

379 2469 446 2586 {2⁸5⁸
462 2486 504 2582 '¹⁹¹
544 2496 615 2558 lium
632 2496 676 2558 A.
688 2495 731 2558 D.
749 2494 844 2579 pridie
867 2495 943 2559 Idus
964 2496 1082 2568 lunias,
1102 2517 1164 2578 quo
1182 2497 1231 2557 die
1249 2496 1345 2558 Mctri
1364 2496 1497 2558 Maurae

380 2599 488 2669 Appias.
541 2593 627 2659 sacri
639 2593 763 2667 fiebant,
776 2595 979 2658 traductumm
998 2616 1064 2657 ease
1075 2595 1178 2677 copiae
1195 2595 1235 2657 ab
1256 2593 1499 2676 exploratoribus

542 2692 707 2765 didicisset,
729 2713 781 2774 per
793 2695 932 2755 tenebrae
944 2693 1087 2775 proxima
1108 2696 1204 2755 noctis
1223 2694 1255 2755 iu
1267 2692 1350 2755 valle
1364 2690 1498 2772 quadam

543 2800 707 2872 opportuna
724 2789 805 2851 hand
818 2791 923 2872 procul
943 2798 1034 2871 ponte
1045 2788 1204 2851 Rutiliana
1217 2798 1330 2871 partem
1341 2788 1499 2869 copiarum

544 2886 574 2947 in
595 2888 708 2949 insidiis
729 2889 938 2972 constitrrerat„
976 2886 1095 2949 Deinde
1114 2886 1266 2949 Rutilium
1288 2885 1411 2947 mansne
1431 2902 1497 2945 am·

545 3000 612 3045 nem
626 3004 738 3065 pasena
753 2985 871 3046 invadit
887 2988 1116 3069 necopinantem
1131 3000 1301 3073 magnaque
1321 2982 1410 3045 clade
1428 3000 1501 3063 pros

544 3076 639 3159 uiget.
842 3082 848 3095 '
1124 3118 1127 3123 -

495 3175 497 3185 '
587 3184 637 3239 ³0.
661 3178 754 3239 Multi
779 3198 818 3240 ex
845 3200 946 3262 pugna
969 3181 1044 3243 clari
1064 3178 1238 3263 nobilesque
1261 3178 1317 3239 riri
1332 3196 1403 3239 cum
1425 3182 1500 3237 octo

547 3274 679 3337 millibus
692 3276 818 3338 militum
828 3279 1017 3340 ceciderunt:
1038 3298 1076 3340 ex
1087 3279 1134 3338 bis
1142 3296 1251 3357 magna
1259 3294 1340 3358 pars,
1349 3294 1417 3337 com
1430 3294 1500 3355 per-

546 3370 618 3433 ditis
639 3375 730 3434 rebus
745 3374 889 3456 effugium
906 3376 989 3437 eliud
1006 3397 1064 3439 non
1077 3384 1205 3458 pateret,
1218 3376 1249 3435 in
1262 3359 1335 3455 ipsis
1345 3374 1432 3453 aquis
1442 3393 1500 3455 op·

547 3490 647 3563 pressa
660 3480 714 3533 eet.
757 3472 870 3534 Consul
880 3474 943 3555 ipae
954 3474 1057 3536 teloio
1070 3482 1163 3554 caput
1173 3474 1259 3542 ictus,
1273 3471 1366 3552 paulo
1378 3478 1447 3551 post
1456 3490 1499 3531 ex

349 3556 352 3563 ’
408 3584 440 3636 ·v.
489 3583 518 3633 i.
547 3567 668 3629 vulnere
680 3568 816 3632 decessit.
860 3571 954 3633 Hanc
972 3571 1084 3633 Rutilii
1101 3570 1248 3632 ionunam
1260 3569 1432 3649 superstitio
1446 3588 1501 3629 ve·

548 3672 642 3725 terum
652 3665 692 3726 od
705 3676 818 3748 spretas
829 3668 986 3749 religiones
997 3670 1108 3741 retulit,
1129 3667 1231 3748 ‘quod
1241 3668 1319 3727 inter
1328 3665 1501 3728 saorilioan-

548 3760 619 3821 dum
638 3764 736 3844 capite
754 3766 900 3845 jecinoris
915 3787 975 3827 non
995 3778 1123 3849 reperto,
1146 3774 1245 3825 tamen
1267 3782 1388 3825 movere
1411 3784 1502 3826 am

547 3860 646 3921 esset'
688 3860 779 3922 Vana
798 3864 919 3923 omnino
937 3866 1133 3946 pemuasione,
1146 3863 1203 3923 nisi
1216 3861 1296 3943 quod
1315 3860 1501 3942 apparetit-

547 3955 607 4017 cile
624 3967 842 4021 contemtumm
862 3961 1004 4022 salumin
1021 3961 1172 4023 bominum
1189 3959 1304 4020 monita
1320 3956 1422 4029 fuisse,
1446 3960 1502 4039 qui

551 4052 695 4125 Deomm,
709 4065 742 4116 ut
754 4056 816 4141 ipae
827 4060 964 4139 putabat,
976 4068 1093 4121 ostenta
1105 4078 1160 4140 pro
1172 4056 1266 4117 nihilo
1277 4054 1408 4116 duceret.

297 4161 301 4170 '
388 4170 459 4223 oms.
589 4158 641 4213 ³1.
662 4152 709 4213 At
722 4152 761 4215 0.
774 4154 1104 4238 Marius,quifluminia
1114 4154 1502 4233 inferiorempertemtene-

258 4332 260 4339 Ι
388 4235 497 4301 Apim·
549 4248 614 4319 bat,
627 4268 695 4309 cum
709 4250 804 4311 amnis
816 4262 938 4315 cruento
954 4254 1042 4315 alveo
1060 4272 1186 4334 corpora
1202 4258 1234 4310 et
1255 4267 1338 4309 arma
1358 4247 1505 4317 Βοωαιιι

549 4344 672 4405 volvens
688 4353 757 4407 acta
771 4347 956 4427 prodidisset,
975 4349 1129 4413 confestim
1148 4344 1292 4407 traductis
1309 4344 1339 4405 in
1360 4343 1505 4413 hostilem

552 4440 645 4522 ripem
654 4441 1005 4528 copiisaderpugnande
1014 4441 1505 4527 Vcttiicaatresuccosaitreaque,
