3300 5225
889 549 923 599 Τ.
950 549 1044 600 mvn

560 707 626 750 uem
640 689 679 751 ed
697 699 789 752 tentae
808 693 852 754 rei
869 693 1062 754 ministerium
1082 691 1262 774 delegisset?
1304 693 1396 756 Certe
1414 693 1509 758 trudis·

558 787 624 849 simi
638 791 778 871 propositi
791 791 942 852 conscium
954 790 1082 852 bumiies
1093 793 1192 873 potius
1204 802 1237 854 et
1247 793 1382 854 servituti
1397 802 1512 876 pentus

559 887 703 948 extoliere
721 887 861 960 voluisse,
882 909 903 948 e
918 889 1005 950 bonb
1021 891 1093 951 viris
1111 889 1193 950 beud
1211 909 1298 971 nque
1313 899 1462 972 promtu
1474 891 1510 952 sd

558 983 658 1064 turpis
669 985 842 1065 obsequium
852 986 1082 1067 expectentem.'
1123 984 1187 1047 Iiie
1200 1007 1320 1068 quoque
1333 1007 1427 1048 ause
1443 989 1510 1048 eub-

557 1099 620 1139 esee
634 1082 806 1162 putabunt,
819 1101 857 1142 ne
870 1091 1045 1162 pruteutes
1052 1081 1161 1144 virtute
1171 1103 1208 1144 ec
1216 1083 1372 1145 nobffiuue
1381 1083 1512 1145 bomine·

556 1176 744 1239 comiliorum
766 1189 974 1260 gestorumque
994 1179 1113 1241 leudem
1134 1178 1174 1241 ed
1191 1201 1224 1241 se
1243 1182 1448 1250 remoberentz
1468 1201 1510 1242 re·

558 1275 739 1357 publiceque
764 1277 899 1339 restitute
922 1279 988 1358 peri
1009 1297 1078 1338 oum
1096 1276 1150 1338 ilio
1164 1279 1236 1357 jure
1257 1278 1372 1340 oswii
1393 1299 1511 1360 quum

558 1381 705 1454 puterest.
747 1370 836 1433 Viles
847 1395 918 1454 ergo
930 1374 1075 1444 meiebet,
1091 1375 1146 1455 qui
1160 1374 1286 1436 modicis
1300 1376 1432 1456 premiis
1442 1395 1511 1436 oon·

417 1551 419 1560 1
487 1551 490 1556 Ι
556 1471 642 1540 tenti,
656 1469 766 1532 semem
777 1472 1001 1552 potentiamque
1010 1471 1137 1534 soiidem
1147 1471 1188 1533 e'd
1200 1473 1407 1554 imperotorem
1417 1481 1511 1534 trem·

558 1567 716 1628 mitterent.
886 1615 892 1628 .
1501 1605 1506 1618 .

598 1671 628 1724 9.
650 1662 711 1724 Sed
723 1663 815 1745 peulo
828 1674 908 1736 ente,
918 1685 987 1725 cum
997 1663 1231 1730 adversariorum
1244 1666 1439 1747 spperetibus
1450 1685 1511 1728 om·

558 1761 611 1830 nis,
624 1759 718 1821 Itelie
736 1771 891 1846 streperet,
909 1772 942 1824 et
959 1764 1094 1842 ingentes
1112 1763 1222 1844 purim
1240 1764 1391 1824 exercitus
1408 1773 1512 1824 oontm

556 1879 588 1918 se
605 1859 732 1922 ducibus
743 1861 863 1920 minime
879 1860 1103 1922 contemnendis
1114 1861 1352 1929 coucimreuturz
1367 1861 1511 1942 optimum

555 1977 702 2038 quemque
717 1959 1010 2039 bonest'meimumque
1022 1959 1155 2020 monimo
1166 1957 1265 2018 studio
1274 1959 1454 2028 umbiueret,
1463 1979 1511 2020 so·

556 2073 679 2133 rumque
692 2075 782 2136 opere
795 2065 946 2136 gretenter
958 2065 1024 2118 eret
1034 2075 1114 2118 usus.
1156 2055 1186 2116 0
1201 2075 1321 2136 grevem
1338 2057 1411 2116 vitre
1421 2057 1509 2137 pesti·

555 2149 707 2234 feramque
727 2152 819 2225 luem,
832 2173 901 2234 quae
918 2153 1069 2216 vinculum
1089 2155 1227 2215 bumont
1245 2155 1399 2214 societatis
1409 2155 1509 2226 solvit,

555 2249 777 2332 meximumque
796 2271 893 2312 rerum
913 2251 1107 2331 gerendorum
1127 2253 1353 2313 instrumentum
1371 2251 1511 2312 obtendit

556 2367 591 2406 no
605 2347 744 2408 hebetet!
788 2350 888 2417 Quem
902 2351 981 2410 enim
989 2350 1123 2410 omnium
1132 2347 1225 2410 iidum
1237 2349 1333 2421 nobis,
1343 2359 1510 2428 nostraque

557 2444 693 2506 utilitatis
705 2467 797 2508 ceusu
810 2447 911 2507 omnis
928 2446 1075 2508 iacturum
1088 2465 1207 2527 operere
1221 2465 1395 2528 ponumrrn
1408 2447 1437 2506 si
1448 2447 1511 2506 bero

556 2543 682 2623 pissime
694 2544 877 2606 cousuetudo
889 2543 1025 2618 inolevit,
1038 2552 1084 2615 ut,
1096 2563 1174 2625 quoe
1184 2544 1225 2605 ob
1236 2563 1319 2626 spem
1332 2543 1510 2625 prestanda

556 2662 653 2723 operm
665 2662 750 2703 ceros
763 2644 931 2714 bebuimus,
944 2652 1012 2725 poet
1023 2642 1186 2724 prutitsm
1199 2642 1394 2723 spernemus?
1500 2680 1505 2688 -

560 2766 564 2775 ¹
598 2746 647 2799 10.
669 2738 809 2801 Ceterum
824 2740 923 2823 Syllo,
933 2741 1021 2801 rebus
1032 2740 1072 2801 sd
1084 2739 1238 2801 Praeneste
1250 2739 1433 2812 constitutis,
1446 2738 1510 2801 Ro-

558 2856 636 2898 mum
658 2845 770 2919 petens,
795 2839 932 2900 omuibus
951 2840 1010 2899 viis
1030 2837 1135 2917 globos
1151 2836 1278 2899 militum
1298 2836 1510 2917 prumittebet,

558 2935 742 3016 precipiens,
757 2946 791 2995 ut
808 2936 923 2996 exclusi
940 2935 1084 2997 moeuibus
1096 2934 1217 2995 Ostium
1227 2934 1445 3005 concederetur
1466 2956 1509 2995 re·

557 3032 648 3112 cepti,
662 3032 701 3093 ed
712 3042 812 3113 portes
823 3032 954 3114 presidii
965 3052 1057 3093 ceum
1070 3040 1265 3093 temnerent.
1306 3030 1370 3092 Sed
1383 3030 1509 3093 illistron

558 3148 625 3207 quer
639 3128 668 3188 in
683 3130 734 3191 vie
746 3129 836 3191 modo
852 3138 936 3189 erunt
955 3129 1053 3200 urbes,
1066 3127 1119 3189 sed
1137 3128 1203 3209 ipse
1222 3127 1325 3189 Romu
1341 3129 1446 3189 stetim
1459 3148 1511 3210 ps·

393 3226 523 3307 Liuppit.
557 3224 634 3285 tuit:
655 3223 734 3286 ieme
760 3234 883 3305 urgente
903 3225 1058 3307 populum,
1081 3233 1114 3285 et
1131 3227 1200 3305 jem
1220 3224 1296 3287 iuter
1311 3233 1360 3285 tot
1376 3224 1510 3287 civiliu-

395 3291 502 3359 ΛΡΜ
556 3320 700 3381 nouorum
714 3322 946 3385 recisurum
963 3324 1087 3383 meu
1098 3322 1267 3383 sominium
1284 3322 1445 3402 muer
1460 3342 1509 3383 ee

555 3418 672 3509 cedere.
714 3418 814 3501 Syllo,
832 3440 902 3481 oum
921 3440 961 3483 ex
979 3420 1127 3481 mentis
1144 3439 1208 3479 rem
1219 3416 1380 3499 procedere
1391 3440 1509 3503 compe·

556 3518 653 3588 risset,
667 3518 740 3578 nibil
754 3528 893 3580 contutus
904 3517 944 3579 ed
959 3517 1075 3579 Urbem
1087 3517 1181 3587 venit,
1199 3524 1232 3576 et
1242 3516 1336 3597 copiis
1347 3518 1381 3575 in
1393 3516 1510 3598 capo

549 3615 643 3694 jussis
657 3614 788 3687 tendere,
803 3616 959 3696 mm,
972 3616 1052 3677 bone
1063 3616 1260 3687 inimicorum,
1271 3614 1324 3694 qui
1333 3614 1509 3677 sibedren·

554 3721 616 3771 tum
627 3714 693 3792 ojus
704 3733 808 3775 omnes
823 3714 1026 3796 profugerent,
1038 3714 1094 3774 urb
1105 3714 1193 3773 besto
1205 3710 1351 3774 vendidit.

598 3816 646 3871 11.
668 3809 831 3872 Advoceto
849 3811 958 3873 deinde
972 3812 1002 3871 iu
1013 3812 1187 3873 concionem
1199 3809 1323 3891 populo,
1335 3819 1346 3845 ‘
1357 3810 1511 3871 menite-

555 3916 614 3965 tem
638 3909 831 3987 presentem’
852 3908 1017 3980 miseretus,
1038 3906 1142 3989 ‘quod
1162 3908 1268 3967 iterum
1284 3906 1509 3967 mmsursedirs

557 4002 673 4063 Urbem
692 4013 858 4082 cogeretur,
881 4024 973 4085 quem
990 4014 1096 4067 conus
1110 4023 1226 4064 omnem
1240 4003 1301 4064 vim
1316 4012 1408 4083 etque
1422 4022 1508 4063 omne

555 4098 718 4180 periculum
732 4102 819 4161 ermis
830 4101 892 4161 euis
903 4122 1018 4183 semper
1029 4099 1189 4162 studuisset
1199 4099 1359 4161 defendere
1369 4120 1379 4169 3
1399 4100 1508 4181 impro-

555 4196 680 4256 bitetem
694 4205 784 4277 etque
798 4199 996 4279 pervioeciem
1006 4198 1253 4259 edversoriorum’
1267 4196 1425 4265 incusavit,
1439 4195 1509 4275 ‘qui

556 4305 652 4372 neque
665 4294 798 4357 secundo
810 4296 929 4357 fortune
948 4296 1110 4377 quiescere,
1123 4314 1219 4375 neque
1231 4294 1357 4385 edverm
1368 4292 1508 4375 penitere

556 4388 737 4455 didicissent.
