3300 5225
877 574 913 623 'l'0
938 573 1032 623 LlVll

431 748 435 755 ³
552 721 619 792 bos,
640 718 815 799 signumque
832 738 940 800 pugna
953 718 1095 779 continuo
1112 724 1318 800 poposcerunt.
1360 718 1503 780 lsocullus

553 819 702 897 quiescere
719 816 821 895 jussis,
840 823 874 875 ut
889 815 1010 876 doceret
1030 824 1173 896 quantusm
1199 818 1229 876 io
1250 816 1410 897 presentia
1430 816 1502 876 boui

554 915 738 997 imperatoris
750 922 837 986 esset,
849 933 918 975 cum
931 912 1033 995 paucis
1040 912 1204 986 descendit,
1215 914 1375 995 primisque
1387 914 1501 995 fugien-

554 1014 628 1073 tium
642 1020 676 1073 ut
686 1012 878 1073 consisterent
888 1012 1078 1073 acclamavit.
1119 1010 1199 1073 Cum
1218 1012 1265 1073 illi
1283 1014 1504 1094 patrissantes

556 1110 683 1191 proximi
701 1110 810 1191 quique
830 1110 871 1171 ad
887 1109 965 1170 idem
983 1110 1137 1191 imperium
1156 1109 1386 1191 exemplumque
1404 1109 1504 1170 fimu-

555 1215 620 1268 rent
632 1207 749 1290 pedem,
762 1207 852 1287 globo
864 1206 946 1269 iacto
964 1206 1083 1287 disjecit
1093 1209 1203 1280 hostes,
1216 1210 1370 1289 victorque
1384 1208 1425 1269 ad
1436 1228 1505 1267 mres

556 1304 651 1365 rediit.
695 1304 814 1366 Deinde
834 1325 888 1385 pro
906 1306 1048 1367 concione
1067 1306 1228 1387 increpitos
1239 1306 1292 1386 qui
1308 1304 1460 1385 fugerant,
1473 1306 1503 1364 in

555 1410 715 1485 conspectu
734 1403 825 1463 totius
846 1402 993 1463 exercitus
1013 1399 1122 1463 iussum
1140 1401 1300 1463 duodecim
1316 1402 1427 1483 pedum
1444 1402 1503 1463 dis-

555 1499 669 1559 cinctos
682 1496 782 1559 fodere
796 1498 903 1577 coigit.
1605 1573 1606 1582 ἵ

595 1602 646 1657 22.
668 1594 729 1657 Sed
743 1595 831 1675 longe
848 1598 946 1677 majus
964 1596 1167 1679 occultiusque
1182 1595 1357 1679 pericnlum,
1368 1597 1427 1657 sub
1440 1618 1504 1657 eos·

555 1692 623 1753 dem
636 1692 710 1766 dies,
724 1692 806 1775 quod
818 1694 928 1755 rimute
941 1694 1070 1754 amoveri
1090 1694 1242 1775 nequibat,
1259 1714 1330 1755 casir
1347 1694 1428 1754 idem
1446 1693 1504 1754 lu·

554 1790 651 1851 oullus
661 1790 774 1870 effugit.
816 1790 965 1853 Oltbacus
975 1790 1110 1871 quidam,
1122 1812 1161 1852 ex
1179 1791 1395 1853 Dardariorum
1409 1791 1504 1852 Maeo-
1607 1783 1608 1786 ¹

556 1888 617 1949 tica
638 1898 736 1968 gente,
751 1908 821 1950 cum
840 1888 920 1971 apud
943 1888 1150 1950 Mithridatem
1167 1890 1206 1951 de
1223 1890 1319 1971 gloria
1333 1898 1366 1949 et
1378 1892 1505 1971 premiis
1609 1935 1610 1954 1

555 1987 672 2047 virtutis
690 2007 770 2068 sape
784 2002 854 2049 cum
866 1985 933 2047 aliis
945 1985 1053 2066 regulis
1063 1986 1267 2069 disceptasset,
1281 1996 1314 2047 ut
1325 2008 1358 2046 se
1371 1988 1505 2048 omnibns
1610 2043 1611 2076 p

555 2082 723 2146 ostenderet
739 2086 929 2166 superiorem,
948 2083 1068 2145 Luculli
1084 2087 1184 2168 capite
1198 2086 1261 2165 regi
1272 2086 1428 2167 promisso,
1439 2105 1505 2165 spe·
1611 2151 1612 2160 χ

483 2186 489 2199 ”
555 2185 601 2245 cie
613 2182 773 2264 mange
793 2184 824 2243 in
842 2182 984 2244 Romm
1002 2192 1101 2244 metra
1112 2192 1296 2265 pervenerat
1339 2182 1374 2244 Is
1386 2181 1504 2255 deinde,
1612 2259 1613 2266 ἵ

339 2284 344 2295 “
407 2268 426 2301 ““
451 2288 463 2329 ·'
510 2284 519 2302 ⁶
555 2300 623 2342 cum
635 2278 839 2362 frequentibus
855 2281 1076 2341 excursionibus
1087 2290 1234 2364 promtam
1246 2280 1505 2361 enixamqueope-

556 2380 1238 2460 ramesbibuisset‚postrenroquaqueequestri
1249 2378 1507 2461 prulionerrsnct
1613 2367 1614 2374 ἵ

556 2475 675 2547 multas,
688 2476 717 2536 io
730 2472 894 2557 propiciem
908 2474 1114 2536 admissiomm
1131 2485 1276 2559 receptus,
1289 2494 1401 2535 menese
1413 2476 1505 2537 eund·

556 2573 663 2655 liisque
675 2573 825 2636 admoveri
837 2580 977 2655 ooeperut.

441 2681 474 2729 ιι·
597 2677 648 2732 2³.
670 2671 777 2751 Igitur,
801 2671 955 2732 obsenato
975 2680 1120 2753 tempore,
1142 2689 1214 2750 quo,
1234 2669 1328 2730 missis
1356 2670 1506 2752 principiis

557 2786 684 2829 vacuum
695 2767 788 2848 magis
801 2765 1069 2847 incustoditumque
1082 2767 1250 2849 pretorium
1261 2775 1339 2838 erst,
1352 2767 1438 2827 brevi
1454 2786 1503 2846 pn·

557 2863 642 2945 sione
652 2865 805 2927 accinctus
817 2883 857 2924 ex
869 2883 952 2926 more
960 2863 999 2925 ad
1009 2861 1167 2925 Lucullum
1178 2863 1327 2924 introibat
1350 2861 1414 2923 Sed
1426 2861 1505 2922 illum

556 2959 632 3022 forte
648 2961 805 3042 fatigatum
823 2961 919 3041 longis
936 2959 1045 3041 vigiliis
1060 2980 1167 3042 corpus
1183 2959 1330 3020 meridiari
1351 2966 1504 3040 coegerat:

556 3067 588 3119 et
600 3057 796 3119 Menedemus
807 3056 1016 3130 cubicularius,
1036 3057 1077 3118 ad
1091 3057 1199 3118 ωῑὶιιω
1211 3065 1303 3128 stans,
1320 3057 1453 3136 regebat
1463 3058 1503 3116 in·

557 3155 683 3216 tramitti
694 3173 864 3236 quenquam
882 3153 1051 3215 mortalium
1071 3173 1166 3235 pune.
1207 3151 1504 3214 Ille‘subiturmesse

558 3271 594 3312 sc
607 3251 803 3312 necesserium
818 3250 901 3331 quod
911 3251 1048 3312 efferret'
1057 3249 1210 3321 dictitans,
1221 3249 1412 3310 nihilominus
1420 3269 1505 3310 cous·

558 3348 647 3409 horr
668 3349 846 3429 irrumpere:
868 3366 937 3408 cum
953 3367 1096 3408 accensus
1115 3347 1161 3408 irs
1183 3346 1390 3419 Menedemus,
1415 3345 1506 3406 ‘nibil

559 3443 655 3506 salute
667 3445 851 3526 imperatoris
863 3445 959 3524 nugis
974 3465 1039 3506 esse
1056 3444 1273 3506 oeoessurium'
1286 3457 1436 3524 regerem,
1447 3463 1505 3504 ur·

464 3586 467 3602 ι
559 3541 800 3602 bnbnsmanibus
809 3541 921 3623 repulit
932 3541 1091 3602 bominem.

470 3648 476 3660 '
495 3681 503 3704 .
597 3643 648 3699 24.
671 3637 786 3710 Quare,
813 3658 852 3699 ne
874 3647 1028 3718 suspectus
1057 3637 1225 3708 baberetur,
1245 3637 1362 3706 veritus⁴
1384 3635 1507 3719 Scytha,

458 3779 463 3792 .
558 3735 652 3816 aquis,
667 3754 742 3816 quos
754 3743 823 3796 ante
837 3744 953 3817 portam
968 3744 1130 3796 caseorum
1147 3743 1266 3816 paratas
1281 3743 1361 3794 stare
1367 3735 1508 3813 jusserat,

558 3831 599 3892 ad
613 3831 820 3894 Mithridatem
837 3831 957 3912 refugit,
978 3831 1129 3912 eliamque
1150 3831 1308 3913 Scytbem,
1320 3833 1441 3890 nomine
1454 3830 1509 3892 So·

557 3929 717 4002 badacum,
740 3929 920 4010 mansiugere
942 3929 981 3992 ad
1009 3928 1166 3990 Lucullum
1192 3931 1295 3990 conari
1316 3927 1437 4002 deoslit,
1460 3929 1511 4010 qui

559 4027 661 4087 stetim
666 4029 752 4107 jussu
763 4029 842 4108 regis
853 4028 1082 4110 comprehensus
1089 4036 1146 4088 est.

395 4130 518 4184 Memnon.
598 4130 649 4186 25.
673 4122 757 4186 Dum
767 4125 814 4184 lnis
827 4124 952 4205 aliisque
963 4126 1051 4186 rebus
1062 4123 1176 4184 bellum
1188 4123 1323 4195 trabitur,
1337 4121 1427 4204 longe
1436 4122 1509 4184 late-

413 4207 470 4279 Stil.
480 4229 546 4306 Htst
559 4242 617 4303 que
627 4223 764 4283 omnibus
775 4223 888 4284 circum
900 4223 1052 4295 euastatis,
1066 4222 1168 4303 inopia
1180 4229 1336 4301 utrumqne
1348 4221 1509 4282 exercitum

395 4293 547 4408 fflffl’m'
560 4320 687 4380 incessit.
726 4319 848 4381 Idcirco
861 4320 1012 4391 Lucullus,
1022 4341 1081 4401 quo
1093 4339 1126 4380 re
1138 4319 1302 4380 annonaria
1312 4319 1507 4380 commodiore

395 4421 506 4488 Appiae.
559 4425 698 4490 uteretur,
712 4416 742 4478 in
759 4415 881 4498 planum
895 4418 1059 4499 degressus,
1072 4418 1144 4499 quia
1156 4415 1328 4498 penatibus
1339 4415 1414 4478 locis
1427 4416 1506 4498 equi-
