3300 5225
396 630 503 680 Lllllll
529 629 673 681 uxxrn.
695 630 1020 685 northamtunam.

141 780 200 843 tes,
221 770 407 855 provideritis
425 792 462 833 ne
482 760 660 855 prodamiui,
678 774 803 857 proditis
814 796 911 837 serum
924 787 955 839 et
968 778 1097 839 alienum

142 870 201 929 erit
226 889 329 951 poenas
348 868 524 951 proditionis
541 872 689 952 persequi,
706 892 776 933 curn
798 884 831 932 et
854 874 1032 955 reliquarum
1052 896 1097 935 re·
1142 876 1149 888 '

142 986 209 1026 rum
229 966 362 1093 qmnium
379 976 521 1049 potestas,
543 976 576 1029 et
602 968 668 1051 ipsa
683 966 802 1046 judicia
824 989 915 1051 penes
935 970 1099 1052 proditores

141 1071 240 1220 mlll
258 1156 333 1221 Non
355 1158 481 1220 deerant
499 1166 612 1229 tamen,
630 1160 683 1239 qui
703 1179 757 1241 pro
771 1169 875 1222 senatu
888 1160 1098 1243 loquerentur:

143 1254 204 1319 ‘ln
218 1276 307 1337 atqua
318 1256 450 1315 omnium
463 1255 601 1316 libertate
612 1255 681 1337 plus
696 1264 797 1317 nmen
810 1258 888 1337 juris
909 1268 999 1339 atque
1018 1280 1100 1322 com·

142 1353 299 1413 modorrun
319 1352 402 1434 apud
420 1353 537 1413 nobiles
553 1362 584 1413 et
598 1352 762 1435 locupletes
778 1374 852 1415 use.
894 1354 1006 1418 Iisdem
1019 1359 1100 1437 inge-

142 1450 238 1511 nitam
250 1451 448 1531 inclitumque
463 1471 484 1511 a
501 1450 664 1529 majoribus
683 1451 773 1531 longa
789 1462 954 1534 temporum
967 1454 1053 1527 serie,
1067 1464 1101 1516 ut

140 1547 357 1629 rempublicam
378 1556 489 1619 ament,
509 1548 559 1610 cui
578 1548 658 1608 ultra
679 1565 866 1609 communem
889 1550 1030 1611 allectum
1055 1561 1101 1612 tot
1125 1588 1126 1593 κ

138 1646 200 1705 siat
219 1644 393 1727 pignoribus
408 1644 546 1725 obligati,
569 1655 644 1727 quot
662 1645 794 1706 babeant
814 1666 876 1728 proe
895 1646 962 1707 aliis
982 1648 1101 1709 civibus

141 1744 269 1803 eximia.
310 1740 364 1804 sic
380 1762 444 1804 esre
462 1751 679 1825 comparatum,
695 1750 730 1803 nt
746 1762 801 1824 pro
812 1744 1037 1805 conservatione
1049 1766 1099 1807 cu·

137 1842 251 1921 jusque
269 1840 313 1925 rei
330 1839 398 1922 plus
412 1840 472 1901 sint
483 1840 604 1912 soliciti,
617 1841 725 1921 quibus
736 1840 870 1920 ejusdem
883 1842 1004 1901 interitu
1016 1842 1102 1924 plura

142 1940 203 1999 sint
215 1938 348 2020 peritura
359 1936 525 1999 commoda.
567 1936 680 2018 Neque
695 1936 778 1998 credi
795 1958 894 2019 posse,
914 1940 1100 2019 majestatem

143 2036 250 2117 populi
265 2036 398 2096 &mani
410 2036 553 2117 cuiquam
565 2036 673 2114 majori
685 2054 763 2095 curae
777 2034 853 2106 lore,
873 2040 963 2115 quam
975 2036 1100 2109 senatui,

142 2134 174 2192 in
187 2154 249 2214 quo
261 2135 426 2212 mejestatis
437 2134 504 2213 ejus
515 2132 667 2193 universus
676 2132 769 2193 ferme
776 2130 916 2214 splendor
925 2116 1080 2211 refulgeat.

184 2238 237 2292 11.
257 2230 403 2292 ‘Scilicet
424 2231 480 2291 bos
501 2250 521 2290 a
542 2218 662 2311 proavis
683 2239 715 2297 et
735 2230 834 2290 atavis
853 2238 985 2290 assuetos
1001 2250 1102 2308 gerere

143 2328 345 2407 magistratus,
358 2328 494 2409 imperis,
507 2325 650 2407 quioquid
664 2326 694 2387 in
708 2328 781 2387 urbe
798 2327 838 2386 sit
849 2326 899 2387 vel
912 2325 952 2386 ad
970 2326 1101 2405 dignita·

144 2435 204 2484 tem
219 2426 414 2506 praecipuum,
427 2424 477 2485 rel
490 2422 528 2484 ad
546 2443 609 2483 rora
625 2422 803 2483 familiarem
820 2422 1006 2505 expeditum,
1023 2424 1103 2484 solos

144 2530 198 2581 aot
219 2521 331 2602 primos
351 2520 512 2601 cousequi;
529 2522 583 2599 jus
607 2517 684 2580 illud
705 2540 774 2581 mum
794 2528 860 2580 tota
882 2518 976 2580 Italia
995 2519 1114 2601 cupide¹

115 2630 118 2635 ’
144 2620 424 2690 communicaturos,
436 2619 522 2698 eujus
534 2618 565 2676 in
578 2618 790 2698 possessiouem
801 2619 855 2678 vix
865 2618 946 2678 eires
955 2637 1023 2678 suos
1035 2625 1104 2699 post

146 2715 236 2794 longa
247 2723 281 2776 et
300 2717 415 2776 abacia
431 2714 595 2776 aerumna
613 2715 811 2796 recepissent!
846 2713 920 2775 Non
936 2715 1029 2793 magis
1050 2715 1104 2773 hos

144 2821 246 2894 patrea
257 2831 427 2893 quenquam
439 2809 627 2882 admissuros,
645 2811 755 2873 nedum
775 2812 934 2882 accituros,
953 2831 1040 2891 quem
1055 2831 1102 2870 ar-

145 2929 212 2970 cere
231 2918 363 2991 possent,
383 2909 526 2990 potentie
541 2909 665 2978 socium,
683 2927 775 2988 quam
790 2908 863 2968 olim
877 2907 964 2986 longe
983 2907 1103 2967 minori·

145 3009 201 3068 bus
216 3007 320 3090 populi
333 3005 466 3067 Romani
478 3005 585 3086 opibus
595 3004 718 3065 Latinos
729 3004 810 3065 idem
822 3013 956 3086 petentes
969 3004 1104 3065 admisis-

144 3115 221 3166 sent.
264 3105 370 3184 Atque
391 3103 456 3163 baec
476 3112 539 3162 tam
556 3121 619 3162 esse
637 3111 727 3163 certe
740 3111 771 3162 et
783 3103 945 3184 perspicue
956 3103 1102 3175 veritatis,

145 3212 179 3263 at
194 3210 339 3263 accurata
357 3199 528 3261 defensione
549 3219 609 3259 non
624 3209 745 3278 egeam,
766 3201 923 3282 potiusque
942 3200 1103 3262 ridendum
1133 3279 1135 3282 Ι

144 3301 185 3360 ait
196 3301 235 3360 iis
249 3300 303 3379 qui
318 3307 453 3360 senatum
472 3296 528 3358 tali
547 3297 753 3359 criminatione
770 3307 893 3371 vexent,
911 3298 1102 3377 quemadmo-

145 3395 217 3456 dum
229 3417 263 3457 se
274 3416 294 3456 a
305 3395 469 3466 calumnia,
479 3413 571 3474 quam
580 3395 709 3488 senatqi,
721 3394 871 3476 quomodo
882 3415 914 3456 se
927 3404 988 3455 tam
1001 3395 1112 3476 inepta·

144 3495 312 3576 suspicione
326 3492 442 3552 liberet.

187 3597 240 3654 lc.
259 3601 270 3627 ‘
284 3589 377 3657 Quod
395 3590 421 3648 si
438 3587 515 3649 forte
527 3595 590 3648 tam
603 3586 775 3668 periculosis
794 3587 975 3670 temporibus
990 3585 1103 3667 aliquid

145 3695 303 3768 acceptum
316 3685 509 3758 incommodi,
521 3686 572 3747 vel
584 3683 684 3747 adbuc
699 3684 862 3746 timendum
882 3687 932 3758 sit,
953 3685 1029 3763 ejus·
1038 3683 1102 3744 cul·

146 3805 217 3865 pam
228 3806 290 3846 uon
303 3786 430 3856 seusun,
443 3784 496 3844 sed
515 3779 616 3865 potius
631 3783 678 3842 bis
690 3783 743 3864 qui
755 3782 794 3843 de
809 3791 913 3844 senatu
930 3792 1103 3863 querantur,

146 3883 288 3964 imputari
299 3883 419 3944 debere.
446 3881 518 3943 Hos
526 3882 606 3942 enim
618 3880 693 3941 nihil
706 3881 790 3942 alind
799 3901 899 3960 agere,
908 3880 980 3940 dum
994 3899 1102 3959 aegram

145 3989 180 4038 et
201 3982 336 4041 sauciam
361 3979 575 4061 rempublicam
600 3981 767 4041 necessaria
791 3980 890 4060 quiete
913 3977 1102 4048 defraudant,

145 4097 237 4156 quam
249 4077 331 4158 quod
344 4079 433 4138 unice
445 4087 551 4160 optare
563 4077 674 4151 hostes,
687 4087 718 4138 et
732 4078 772 4139 ab
789 4078 838 4138 bis
848 4076 989 4137 conducti
1003 4074 1102 4136 facere

146 4185 237 4256 atque
250 4195 407 4257 procurare
419 4175 544 4236 vellent.

191 4279 238 4334 13.
261 4271 342 4333 ‘'l'ot
353 4271 512 4332 illustrium
521 4273 651 4334 virorum
661 4271 750 4332 simul
762 4271 879 4332 deferre
892 4271 1023 4343 nomina,
1031 4279 1062 4332 et
1071 4271 1102 4330 in

146 4370 308 4451 capitalem
318 4370 455 4430 fraudem
463 4391 570 4432 vocare
580 4371 690 4430 multos
702 4371 883 4441 innocentes,
894 4389 950 4430 nec
963 4369 1102 4449 injuriam

148 4487 236 4547 aequo
247 4469 347 4530 animo
360 4468 483 4538 laturos,
496 4467 571 4528 nibil
586 4465 756 4538 aliudesse,
770 4487 861 4548 quam
879 4468 956 4527 iuter
968 4464 1103 4526 dammas

1173 624 1262 691 tlte
