3300 5225
432 567 536 621 niatu
562 568 673 620 xcur.
693 568 1017 622 winnnunuruu.
1189 555 1281 625 W

162 707 300 769 oratione
320 710 447 781 socend,
468 711 645 792 publicanos
663 711 1118 796 itaprivaruntiucemtrege·

162 825 220 866 nus
232 806 353 887 quidem
366 807 468 870 mortis
481 828 541 889 quo
554 810 703 889 perierunt
711 812 750 872 sit
761 813 922 892 cognitum.

103 958 114 980 ,
207 911 259 964 20.
281 904 343 971 Sed
356 904 430 965 iliud
442 905 545 966 odium
559 905 689 968 Rotnani
702 908 839 979 nominis,
849 919 954 990 praeter
966 908 1118 970 licentiam
1129 915 1197 968 Ptut.
1208 916 1270 968 Lac.

164 1001 340 1082 praesidiarii
358 1001 472 1075 militis,
485 1013 517 1064 et
536 1004 741 1066 foeneratorum
756 1007 941 1087 improbitas,
962 1014 994 1066 et
1016 1025 1118 1068 eorum

163 1099 220 1178 qui
232 1099 386 1181 publicum
396 1087 578 1162 exercebant
589 1103 717 1182 iujurire,
730 1103 774 1162 ita
785 1102 991 1182 vulgaverunt,
1004 1111 1039 1162 ut
1049 1123 1117 1184 pas·
1217 1093 1222 1103 ⁴

162 1196 221 1256 sim
245 1198 372 1258 venienti
391 1198 562 1260 Mithridati
582 1209 675 1281 portoe
696 1199 903 1281 panderentur.
945 1201 1119 1261 Praesertinr
1131 1213 1239 1280 Appias.

163 1293 240 1374 quia
251 1293 298 1354 M.
312 1293 447 1356 Verius⁸
465 1305 583 1356 senstor
600 1317 639 1356 ex
654 1297 835 1378 proscriptis,
845 1297 949 1358 rubeus
962 1316 981 1356 a
993 1296 1036 1364 Q.
1049 1297 1119 1358 Ser·
1130 1281 1221 1358 ΟΨ

165 1391 255 1463 torio,
273 1411 342 1454 rsrm
356 1390 392 1453 1..
407 1393 514 1473 Megio
533 1403 565 1454 et
578 1393 613 1454 1..
627 1393 742 1456 Fannio
759 1392 876 1455 consilii
891 1414 983 1456 cause
998 1393 1120 1466 additis,
1131 1346 1202 1460 viiii:
1211 1357 1284 1460 iliu.

165 1507 208 1548 ax
223 1488 672 1570 Hispaniaadregernvenerst
714 1489 913 1572 Vario,quod
921 1491 1122 1574 proconsulari
1132 1476 1273 1527 mm
1316 1544 1319 1548 .

32 1655 34 1666 ‚
164 1593 317 1666 protestate
328 1586 368 1647 sb
378 1585 549 1647 Sertoriano
557 1596 661 1648 senstu
675 1597 738 1648 erat
749 1587 1121 1660 ornatus,tasoessecures-

164 1701 228 1762 que
239 1683 485 1764 praeferebantur:
506 1685 594 1765 eique
608 1685 717 1766 primas
729 1685 909 1746 concedente
931 1685 1122 1756 Mithridate,

97 1853 99 1858 ι
166 1799 188 1838 a
201 1780 308 1859 quihus
322 1781 539 1861 recipiebantur
558 1782 691 1852 urbibus,
702 1781 774 1842 aliis
792 1781 973 1854 libertstem,
984 1781 1054 1844 aliis
1066 1784 1121 1845 irn-

166 1878 346 1938 rnunitstenr
360 1877 483 1940 Sertorii
494 1880 613 1940 nornine
622 1878 816 1940 oonoedebat.
858 1879 930 1947 Quo
937 1889 1070 1961 tempore
1082 1878 1121 1940 0.

168 1973 275 2037 Cesar
296 1975 371 2036 tenti
393 1994 464 2037 mox
485 1974 575 2036 futrrri
591 1975 649 2036 viri
671 1977 817 2058 specimen
839 1977 983 2037 mentoris
1000 1975 1122 2055 dignum

165 2069 284 2130 edidit:
305 2073 391 2151 cujus
413 2071 454 2132 de
473 2071 686 2144 adolescentia,
704 2072 824 2154 quondo
841 2073 1014 2154 pierumque
1034 2073 1124 2152 hujus

166 2165 298 2226 historia
310 2177 424 2248 partem
437 2167 527 2249 paulo
542 2178 610 2251 post
619 2169 752 2230 tacturus
764 2179 820 2242 est,
833 2169 973 2250 qnaedanr
985 2188 1123 2250 cognosci

169 2265 520 2350 pretiumoperoeiuerit.
1090 2297 1093 2300 ·
1272 2326 1275 2331 ⁴

212 2367 262 2422 21.
285 2359 381 2440 igitur
394 2360 432 2422 (i.
450 2361 550 2422 Julius
563 2361 601 2422 C.
621 2361 657 2422 F.
675 2361 713 2423 Ο.
734 2362 792 2424 Nn
813 2363 927 2436 Cesar,
945 2383 1041 2424 annos
1062 2363 1123 2426 fers
1135 2366 1286 2418 Vettnst.

168 2455 373 2537 duodeviginti
396 2468 493 2530 natus,
515 2477 583 2519 curn
606 2460 636 2518 in
658 2460 847 2522 matrimonio
868 2461 993 2522 haberet
1018 2431 1286 2547 cinnaeffic'*

166 2563 277 2637 quater
299 2555 427 2617 consulis
442 2554 546 2627 filiam,
567 2555 651 2617 nullo
671 2556 761 2619 inodo
780 2557 958 2640 compellis
977 2559 1124 2621 dictatore
1146 2562 1212 2612 Pur.
1223 2561 1289 2613 0⁸⁸·

169 2651 261 2733 Sylla
273 2654 381 2734 potuit,
391 2663 425 2714 ut
438 2674 505 2714 earn
517 2642 698 2717 dimitteret:
720 2676 788 2717 curn
802 2656 850 2716 M.
869 2656 946 2717 Piso
963 2659 1126 2719 consularis
1136 2660 1203 2711 vett.
1244 2708 1251 2724 ,

170 2751 320 2823 Anniam,
333 2751 414 2832 quod
429 2750 534 2811 Ginnoe
547 2772 623 2813 uxor
636 2752 744 2825 fueret,
759 2754 789 2813 in
808 2755 934 2832 gretiam
948 2754 1067 2817 victoris
1078 2778 1123 2819 re·
1136 2758 1238 2807 Saeua.

168 2847 320 2929 pudiaret.
361 2848 458 2929 Igitur
476 2857 508 2910 et
523 2849 701 2922 sacerdotio,
722 2860 754 2911 et
769 2852 872 2911 uxoris
887 2850 969 2927 dpte,
986 2859 1019 2912 et
1029 2856 1124 2932 genti·

168 2946 247 3007 litiis
258 2932 480 3007 hereditatibus
495 2946 666 3021 mulctatus,
678 2947 717 3009 ad
728 2968 834 3011 necem
852 2950 1059 3031 querebatur:
1081 2959 1125 3025 ut,
1152 2956 1289 3009 Sueuuet

169 3042 358 3107 dissimulato
378 3045 483 3108 babitu
502 3054 589 3107 nocte
609 3046 727 3129 elapsus
746 3047 845 3120 Urbe,
865 3047 1075 3130 profectusque
1094 3050 1126 3110 in
1137 3020 1203 3073 ΡΜ·

167 3139 455 3225 Ssbinos,singuias
468 3164 559 3227 prope
569 3154 681 3217 noctes,
694 3164 866 3227 quenquam
882 3146 986 3208 morbo
1004 3154 1125 3225 quarta·

170 3260 220 3303 nae
233 3250 424 3320 aggravante,
445 3240 574 3301 latebras
593 3249 706 3301 mutare
726 3252 892 3321 cogeretur.
932 3241 987 3305 Sic
1006 3262 1126 3323 quoqne

170 3337 373 3420 deprehensns
384 3358 404 3399 s
414 3338 555 3399 Cornelio
568 3338 715 3418 Phegits,
732 3338 827 3420 sylte
841 3339 960 3411 liberto,
972 3339 1038 3412 rix,
1051 3359 1126 3421 prse-
1154 3348 1291 3400 susten

170 3436 233 3499 snio
245 3435 329 3509 dato,
341 3436 446 3497 evasit.
467 3435 627 3499 Postremo
640 3458 693 3518 per
704 3437 835 3517 virgines
848 3435 1000 3508 Vestnles,
1013 3445 1045 3497 ot
1056 3437 1127 3497 Ma·
1138 3420 1239 3531 ᾖξε
1252 3484 1277 3530 ¹·

171 3552 305 3594 mercum
326 3532 491 3605 AErniliurn,
510 3542 543 3593 et
562 3534 720 3594 Aurelium
741 3534 875 3607 Cottam,
899 3534 1080 3617 propinquos
1096 3542 1128 3597 et

171 3630 278 3691 affines
296 3650 375 3703 siros,
394 3630 513 3691 veniam
530 3630 699 3712 impetrarit
708 3650 717 3699 r
739 3630 791 3690 diu
810 3632 929 3711 quidem
945 3628 1127 3715 repugnante
1138 3642 1208 3692 Ptut.
1225 3640 1292 3695 Suet

172 3726 276 3809 Sylla,
301 3734 344 3799 et,
370 3734 404 3787 ut
429 3735 495 3787 eret
523 3727 730 3806 sagacissimus
758 3728 940 3806 ingeniorum
963 3733 1127 3810 eonjwtor,

176 3824 311 3885 ‘multos
320 3824 348 3883 ei
360 3843 451 3904 puero
465 3823 559 3885 inesse
574 3822 706 3884 Merios'
726 3832 863 3886 testante.

213 3928 266 3981 22.
288 3921 368 3982 Post
395 3920 501 3981 merita
524 3918 632 3979 deinde
653 3920 707 3980 sub
725 3918 855 3982 Thermo
873 3930 905 3982 et
923 3920 1057 3983 Isaurico
1073 3927 1126 3986 sti·
1154 3926 1247 3977 cteta

174 4018 295 4101 pendia,
308 4039 376 4079 cum
396 4016 530 4079 Romam
541 4027 619 4079 esset
630 4038 773 4090 reversus,
792 4018 965 4081 Cornelium
982 4019 1127 4082 Dolabel*
1138 3994 1293 4108 iignz'f,

208 4260 222 4298 s
239 4252 278 4305 Μ.
294 4251 393 4317 vm]
411 4250 464 4303 iiic
474 4252 639 4303 Sertorianos
705 4249 717 4285 ὓ
729 4250 758 4301 C.
768 4252 853 4301 Julius
864 4254 895 4303 G.
902 4254 933 4304 F.
946 4252 976 4303 C.
989 4250 1039 4317 N.]
1056 4252 1130 4304 Pror-

175 4317 228 4368 dux
239 4316 337 4368 dicitur
347 4333 364 4368 a
374 4318 515 4369 Plutarcho
526 4328 554 4369 et
565 4319 634 4370 Oro·
671 4318 776 4369 nomina
795 4332 854 4383 que
865 4328 1004 4383 gesserunt
1015 4325 1093 4384 pater
1102 4324 1131 4371 et

176 4385 215 4433 rio
226 4384 265 4433 Μ.
277 4384 383 4433 Marius.
401 4382 550 4449 Appianum
564 4398 636 4435 secu·
674 4398 736 4433 avus
747 4383 867 4445 cestris,
876 4396 909 4434 ex
927 4386 1014 4435 Fastis
1025 4384 1131 4453 Capito·

177 4458 218 4500 tos
229 4458 271 4501 art
283 4448 484 4500 Freinshemius.
503 4450 572 4502 Creo.
675 4449 734 4500 tini·
745 4457 946 4513 cognoscantur.
965 4451 1037 4501 creo.
