3300 5225
429 613 531 662 blBlll
558 609 687 660 mxxii.
710 611 1037 663 svvvnsstsnvuss.

174 753 232 816 tur.
264 753 346 816 'Sed
368 775 406 815 uc
428 754 546 836 Jupiter
570 752 684 834 Diiquc
709 755 801 816 ceteri
825 755 920 826 sirint,
938 768 974 838 ut
995 755 1133 838 precibus

175 851 290 925 nostris,
311 854 494 932 benignitate
516 862 625 924 vestra,
647 853 745 914 salute
764 855 895 915 omnium
915 855 980 916 haec
1001 857 1133 936 superior

172 951 210 1010 sit
222 951 335 1012 factio:
350 960 381 1011 et
392 950 461 1031 plus
473 971 635 1031 paucorum
648 951 855 1032 importunitas
865 933 905 1013 ad
916 951 1132 1033 profligandam

175 1031 275 1109 Iteliae
289 1069 509 1130 paccm,quam
527 1047 567 1108 ad
585 1049 817 1110 conservandam
839 1048 1132 1132 confirmandamque

173 1155 340 1206 ceterorum
358 1147 453 1208 virtus
464 1154 496 1207 et
508 1145 718 1208 benevolentia
735 1148 837 1227 possit.
880 1146 1005 1208 Scilicet
1025 1148 1131 1208 horum

174 1245 330 1325 imperium
343 1253 486 1326 perpetuo
498 1242 626 1304 feremus
637 1243 722 1314 socii,
742 1245 794 1324 qui
815 1253 877 1306 tam
896 1244 1055 1305 insolenter
1077 1266 1130 1326 po-

174 1349 313 1404 testatem
326 1363 409 1402 ruam
423 1349 562 1402 exercent
574 1341 603 1400 in
616 1342 697 1404 cives
708 1361 787 1413 suos,
799 1351 832 1402 et
843 1363 919 1422 quos
931 1361 1017 1424 :quo
1029 1363 1130 1406 aecum

167 1441 237 1517 jure
250 1459 324 1510 eme,
338 1439 412 1500 licet
422 1438 510 1500 lectis
522 1447 642 1518 negent,
655 1459 705 1500 ore
717 1447 866 1518 coguntur
876 1439 1035 1502 confiteri?

214 1543 267 1597 20.
289 1537 353 1598 ‘Et
373 1537 514 1616 quoniam
531 1537 575 1597 its
591 1557 624 1598 se
639 1557 685 1596 res
701 1536 804 1608 babet,
823 1549 930 1598 utnon
947 1538 1053 1600 eadem
1064 1561 1129 1601 om·

173 1633 256 1694 nium
276 1634 484 1696 Romanorum
504 1637 543 1695 rit
561 1636 718 1706 sententie,
739 1633 792 1696 sed
810 1633 934 1696 diversis
950 1636 1130 1699 factionibus

171 1729 324 1792 dividatur
347 1733 472 1801 civitss3
495 1751 549 1792 noa
568 1732 660 1792 etiam
680 1732 842 1792 orationem
863 1742 994 1793 nostum
1013 1734 1128 1796 divide·

172 1847 247 1888 mm.
290 1828 333 1889 Et
347 1850 401 1890 vos
417 1828 547 1909 quidem,
570 1837 671 1911 patres
693 1829 862 1912 conscripti,
880 1840 912 1890 et
930 1815 1071 1913 quicquid
1096 1835 1128 1895 iu

171 1927 294 1988 civitate
307 1947 411 1987 sanum
424 1936 480 1999 est,
494 1927 539 1988 his
550 1927 686 1988 menibus
699 1927 737 1987 ad
752 1947 850 2006 genua
861 1938 962 1989 vestra
973 1931 1128 2010 protensis,

171 2043 290 2086 oramus
299 2033 332 2085 et
339 2025 533 2097 obtestamur,
546 2023 757 2106 utaliquando
769 2027 1053 2104 consanguineorum
1062 2049 1128 2090 ves·

171 2129 294 2194 trorum,
305 2131 341 2182 ut
356 2123 447 2182 vestri
463 2123 567 2193 etiam,
584 2140 710 2182 uxorum
724 2120 941 2202 liberorumque
953 2131 1128 2198 vestrorum,

171 2219 280 2298 quibua
291 2219 374 2300 qnod
394 2227 586 2301 expectamus
606 2234 788 2299 responsum,
805 2227 858 2280 aut
877 2217 967 2281 fidam
985 2223 1129 2282 securita-

170 2322 243 2386 tem,
256 2324 311 2375 aut
323 2325 495 2398 perpetuam
507 2315 736 2385 solicitudinem,
747 2324 778 2376 et
786 2335 855 2396 qua
867 2315 968 2376 dicere
980 2317 1127 2391 uolumus,

171 2409 331 2472 allammm
356 2421 412 2484 est,
439 2412 650 2473 misereamini:
679 2412 835 2492 sociosque
857 2423 981 2485 vestros,
1004 2434 1128 2493 quorum

170 2507 261 2570 fidem
274 2510 473 2590 virtutemque
495 2529 610 2591 semper
629 2509 817 2592 probavistis,
832 2511 909 2571 bene
919 2509 959 2571 de
980 2511 1036 2571 bac
1053 2512 1128 2573 civi·

1207 593 1296 662 4445

172 2616 232 2667 tote
244 2607 375 2679 meritos,
385 2607 461 2667 bene
474 2607 637 2678 merituros,
652 2609 778 2669 arctiore
790 2607 945 2670 vobiscum
952 2609 1022 2688 jure
1035 2630 1127 2691 copu-
1213 2686 1219 2699 .

169 2702 246 2764 letis.
290 2703 343 2763 Ita
354 2723 415 2764 rem
426 2724 484 2763 non
501 2703 652 2782 iudignum
665 2704 811 2785 sapientia
823 2715 933 2777 vestra,
946 2706 1013 2767 urbi
1026 2715 1127 2768 autem

169 2801 285 2881 totique
298 2800 399 2861 Italiee
416 2801 577 2863 salutarem
589 2800 738 2863 feceritis:
759 2810 791 2861 et
801 2822 820 2863 a
832 2805 956 2885 posteris
967 2804 1058 2864 eb'am
1071 2808 1126 2887 bp-

169 2898 249 2957 umae
262 2898 417 2957 sententiae
426 2908 562 2959 auctores
573 2894 805 2959 celebrabimini.
875 2926 895 2959 a

208 3001 259 3055 21.
282 2994 339 3055 ‘Si
360 2996 426 3075 quis
443 3006 543 3057 autem
563 3004 610 3055 est
625 2994 700 3057 adeo
715 2998 796 3076 juris
816 2996 913 3057 omnis
927 3006 959 3057 et
977 3000 1128 3079 equitetis
1147 2950 1151 2956 Ι

168 3093 271 3164 bostis,
285 3102 320 3153 nt
331 3094 438 3155 servire
450 3095 509 3155 sibi
526 3096 657 3177 postulet
668 3097 747 3157 viros
760 3095 799 3155 ed
817 3097 974 3178 imperium
992 3108 1089 3172 natos,
1102 3102 1127 3161 is

168 3190 236 3261 sibi,
249 3199 283 3250 et
293 3192 319 3251 si
333 3192 384 3271 qui
399 3200 542 3271 praeterea
553 3192 657 3253 eadem
670 3192 810 3275 superbia
821 3203 854 3253 et
866 3194 1034 3275 pervicacia
1045 3205 1126 3276 aget,

169 3287 225 3349 boc
243 3288 284 3348 ab
305 3290 443 3349 universa
464 3288 558 3350 Itelia
578 3290 693 3351 dietum
714 3299 817 3371 putet:
844 3290 901 3351 viri
917 3312 1028 3366 sumus,
1043 3314 1127 3355 arma

169 3385 330 3447 babemus:
352 3387 472 3459 virtute,
485 3386 653 3469 disciplina,
666 3388 791 3449 scientis
807 3388 849 3449 rei
866 3388 1003 3451 militaris
1018 3370 1123 3473 pares:

167 3503 259 3545 censa
271 3494 303 3544 et
316 3504 438 3545 nurnero
453 3486 615 3566 superiores
631 3506 739 3547 miuus.
781 3485 839 3547 Jus
850 3489 917 3567 ejus
928 3489 1059 3550 civitatis
1071 3511 1125 3572 pe·

168 3582 269 3654 timus,
291 3586 378 3662 cnjus
402 3584 556 3665 imperium
580 3592 679 3644 nostro
702 3584 815 3645 auxilio
837 3594 968 3666 portum,
992 3596 1124 3659 auemm,

168 3688 318 3741 servatum
331 3690 387 3741 est.
429 3682 508 3748 Quae
520 3681 633 3743 invidia
643 3691 699 3754 est,
711 3702 780 3744 cum
794 3681 929 3743 laborum
942 3692 1033 3763 atquc
1046 3686 1125 3766 peri·

167 3777 302 3839 culorum
317 3790 432 3859 partem
442 3782 586 3860 maiorem
596 3779 762 3852 tulerimus,
771 3782 797 3840 si
807 3782 1123 3862 jurisetpraemiorum

165 3873 272 3935 seltem
295 3894 412 3956 Quum
432 3875 648 3955 effingitemual
690 3878 792 3950 Cives,
809 3878 835 3957 si
854 3878 957 3951 vultis,
974 3879 1124 3941 habebitis

165 3972 293 4050 optimos
302 3975 450 4053 vestrique
460 3980 490 4033 et
504 3973 584 4035 urbis
596 3974 829 4045 amanti-nimosr
843 3975 950 4037 hostile
961 3996 1019 4035 non
1033 3978 1123 4038 modo

166 4066 279 4127 lactu·
297 4088 396 4139 omne,
416 4068 468 4127 sed
490 4070 582 4129 etiam
601 4072 707 4131 nomen
722 4070 912 4133 detestamur.
953 4070 1063 4156 Servos
1074 4082 1121 4133 ta·

166 4184 232 4225 meu
246 4165 302 4225 sub
315 4166 435 4225 nomine
447 4166 590 4227 sociorum
605 4167 683 4227 ultre
696 4186 753 4227 non
767 4167 925 4228 babebitis.
968 4167 1040 4229 Sine
1055 4172 1122 4251 qui-

166 4260 222 4320 bus
240 4282 294 4323 nec
313 4282 420 4344 perere
439 4272 537 4341 tentus
557 4265 695 4344 potuistis
711 4284 793 4346 opes,
813 4286 870 4326 nec
886 4266 963 4326 tueri
982 4269 1123 4348 quesitas

166 4362 297 4442 potestis,
312 4362 349 4421 iis
362 4362 507 4442 imperare
521 4361 599 4421 velle
611 4360 757 4422 desinite!

204 4466 253 4523 22.
275 4460 341 4521 Vix
369 4478 507 4542 perorare
530 4458 621 4541 legati
647 4468 824 4543 pomerum
856 4468 956 4523 tantm
978 4460 1119 4524 audiendi
