3300 5225
399 569 503 619 arsur
531 568 668 637 xcrrrr.
693 570 1017 622 surruuusuruu.
1165 550 1265 621 “4885

143 732 204 773 non
222 714 354 792 ignotam
375 712 563 775 Mithridatis
581 716 758 796 pravitatem
772 734 853 775 esse:
873 714 926 775 sed
939 714 1098 777 necessitu-

145 808 248 871 dinem
265 811 401 883 revereri,
419 820 451 872 et
470 832 624 872 commune
644 812 722 894 apud
735 832 837 873 omues
847 813 981 874 homines
992 832 1099 895 oppro-
1112 812 1240 889 Mmt-

146 906 258 980 brium,
271 896 296 968 si
308 928 440 969 socerum
457 930 542 969 suum
560 908 599 969 ad
614 910 737 970 exitium
754 910 937 971 dedidisset'
977 910 1016 970 In
1029 930 1099 970 ean-
1112 880 1220 993 ffllm

146 1002 218 1065 dem
236 1006 409 1066 senteutiam
428 1015 460 1066 et
476 1007 577 1067 literas
589 1006 628 1067 ad
643 1006 800 1068 Lucullum
814 1007 915 1078 deuia
938 1008 1100 1090 inquibus,

146 1100 333 1183 imperatoris
342 1105 450 1164 omissa
463 1104 673 1186 appellatione,
687 1104 892 1166 hanccausam
901 1106 990 1167 homo
999 1126 1102 1169 vecors

146 1198 261 1270 attulit,
280 1199 362 1281 quod
376 1220 407 1259 se
421 1220 540 1281 quoque
554 1222 651 1280 regem
664 1221 766 1281 regom
779 1201 932 1284 appellare
944 1202 1102 1264 Romanus

146 1294 337 1374 neglexisset.
370 1296 456 1357 Misit
467 1306 566 1359 umen
579 1298 674 1358 multe
684 1307 715 1359 et
727 1297 970 1381 splendidadona
980 1298 1099 1380 Appio;

145 1400 189 1465 et,
199 1392 253 1454 illo
261 1403 425 1468 recusante,
432 1395 517 1478 plura
526 1396 617 1456 etiam
626 1404 658 1456 et
670 1396 840 1477 pulchriora
852 1396 974 1477 adjecit
996 1396 1101 1477 Equi·

145 1490 204 1551 bus
213 1490 346 1575 Appius,
356 1514 393 1555 ne
405 1494 489 1576 qussi
504 1492 639 1577 professis
651 1493 728 1554 odiis
736 1496 896 1576 superbum
905 1503 938 1555 et
948 1502 1101 1576 potentem

143 1608 246 1670 regem
259 1591 403 1664 irritaret,
411 1612 472 1653 una
483 1590 585 1673 phiala
598 1600 734 1673 accepta,
748 1600 849 1652 cetera
860 1591 982 1664 remisit,
996 1591 1100 1653 celeri·

145 1706 206 1767 que
218 1706 305 1747 cursu
318 1686 357 1747 ad
370 1688 576 1770 imperatorem
588 1708 674 1748 suum
687 1696 732 1749 est
745 1696 892 1749 revectus.

191 1789 240 1844 11.
260 1783 338 1845 Toto
359 1784 412 1846 illo
430 1794 560 1867 tempore
578 1806 646 1846 cum
667 1784 863 1847 Heracleotis
881 1786 1034 1865 negotium
1051 1784 1099 1845 Μ.
1112 1794 1241 1846 Memnon.

147 1878 249 1942 Οοῑιω
261 1881 367 1943 luerat.
410 1882 514 1964 Isque,
531 1884 635 1944 iterum
655 1892 769 1945 tenuta
788 1885 975 1966 improspere„
986 1902 1099 1964 oppug-

145 1978 278 2051 natione,
291 1978 439 2039 Triarium
449 1980 620 2055 advocavit,
632 1980 672 2041 ad
689 1980 889 2063 prohibendos
909 1987 1100 2050 commeatum,

145 2076 200 2156 qui
220 2076 345 2137 obsessis
364 2078 439 2137 mari
457 2078 707 2139 subvehebantur.
748 2078 881 2140 Triarius
896 2098 964 2138 cum
977 2077 1038 2137 suis
1048 2077 1101 2136 tri·

131 2170 205 2232 bus
217 2180 248 2232 et
259 2174 364 2253 viginti
376 2174 554 2246 triremibus,
568 2174 675 2253 viginti
689 2172 832 2248 Rhodiis,
840 2193 909 2235 cum
919 2174 1102 2235 Cottanun-

126 2267 282 2330 ‘tiandum
294 2272 466 2344 curavisset,
480 2292 541 2352 qua
553 2270 603 2332 dle
616 2281 693 2332 esset
710 2272 865 2344 affutums,
883 2274 914 2333 iu
934 2270 1013 2331 idem
1026 2279 1101 2331 tem·
1226 2258 1231 2268 ’

147 2386 204 2447 pus
222 2388 307 2428 suum
325 2370 487 2432 exercitum
503 2370 622 2451 paravit
633 2369 746 2430 Cotta:
768 2369 950 2451 acciditque,
963 2378 997 2427 ut
1015 2368 1102 2428 simul

145 2472 226 2523 terra
238 2464 382 2537 Romani,
395 2463 482 2525 simul
495 2466 620 2526 navibus
633 2464 673 2527 sd
686 2464 873 2527 Heracleam
882 2465 1069 2526 accederent.

189 2568 237 2622 12.
257 2560 462 2635 Heracleotae,
476 2582 507 2622 re
520 2564 711 2646 inexpectata
721 2564 879 2647 perterriti,
890 2572 989 2625 tauma
998 2563 1100 2644 trigin-

145 2665 179 2719 ta
192 2679 283 2722 naves
294 2659 471 2742 semiplenas
486 2659 658 2722 deducunt:
680 2663 779 2722 ceteri.
788 2660 829 2723 sd
846 2660 1016 2743 pellendum
1029 2681 1100 2722 moe-
1128 2663 1131 2670 '

145 2757 233 2818 nibus
251 2758 366 2820 bostem
392 2758 596 2838 accinguntur.
639 2757 678 2818 Iu
698 2758 816 2837 agmine
837 2757 979 2819 Romano
998 2759 1102 2840 primae

145 2853 279 2917 Rhodia
302 2875 392 2918 naves
417 2854 520 2926 ibant:
543 2856 573 2916 in
592 2875 668 2938 quas
688 2855 766 2916 illati
783 2855 979 2918 Heracleote
999 2856 1101 2916 statim

143 2953 350 3037 depresserunt
362 2962 422 3014 tres
433 2953 575 3026 hostiles3
598 2955 654 3035 ipsi
669 2953 798 3015 vicissim
815 2955 948 3034 quinque
963 2952 1099 3035 perdide·

143 3061 224 3113 runt.
271 3051 505 3133 superveniente
517 3051 626 3113 deiude
638 3051 765 3124 Triario,
778 3071 847 3112 cum
860 3050 1042 3131 aliquamdiu
1054 3071 1100 3110 re-

135 3149 298 3220 stitissent,
317 3151 348 3210 in
365 3151 508 3228 maj0rem
527 3159 643 3232 portum
661 3148 759 3211 coacti
774 3158 846 3209 ¹suut
856 3149 1003 3229 refugere,
1015 3149 1101 3209 usvi-

142 3245 201 3306 bus
214 3247 327 3306 amissis
339 3245 575 3327 quatuordecim.

186 3349 237 3404 1³.
259 3343 379 3405 ldcirco
406 3343 478 3404 licat
503 3345 601 3404 irritus
627 3353 690 3404 tum
716 3363 836 3425 quoque
855 3353 980 3406 conatus
1002 3342 1101 3404 Cottae

142 3440 258 3514 fuisset,
278 3441 380 3522 inopia
398 3449 497 3501 tamen
510 3461 607 3500 rerum
622 3443 863 3512 necessariarum,
876 3439 958 3521 quod
969 3440 1103 3501 Triarius

141 3537 277 3619 quotidie
295 3557 363 3600 cum
378 3537 546 3598 triremibus
562 3539 704 3600 oberrans
715 3539 938 3599 subvectionem
951 3556 1100 3598 commea·

141 3644 228 3696 tuum
251 3635 442 3717 impediebat,
465 3636 549 3696 brevi
570 3637 600 3696 in
618 3637 765 3697 maximas
786 3635 971 3697 calamitates
990 3635 1116 3695 obsessi·

143 3733 332 3794 inciderunt:
353 3731 449 3794 donec
469 3733 588 3794 choenix
600 3747 619 3788 ⁸.
631 3733 772 3796 frumenti
791 3733 942 3813 octoginta
952 3731 1102 3793 drachmis

134 3829 260 3892 .Atticis
284 3831 408 3892 veniret.
448 3828 596 3901 Tandem,
619 3838 654 3889 ut
673 3830 760 3902 s'olet,
779 3851 818 3890 es
835 3829 915 3890 lame
933 3828 1103 3911 pestilentia

144 3930 288 3999 accessit;
311 3947 379 4010 quae
404 3936 436 3989 et
461 3927 656 4000 Lamachum,
675 3929 807 3988 omnium
830 3928 975 3988 malorum
997 3927 1102 4008 patrie

143 4034 308 4098 auctorem,
334 4045 394 4106 prae
419 4025 525 4108 ceteris
551 4024 669 4104 longius
692 4033 723 4084 et
745 4025 881 4085 acerbius
899 4023 1101 4085 excruciatum

142 4123 304 4193 absumsit;
326 4131 358 4182 et
379 4122 408 4182 in
430 4120 624 4202 praesidiarios
638 4121 788 4203 praecipue
803 4121 937 4192 wmarus,
954 4118 993 4180 de
1006 4119 1103 4179 tribus

176 4312 322 4378 ‘ctmffl
348 4313 474 4366 Mensura
494 4313 602 4376 (ireos,
633 4315 703 4368 ,Una
725 4313 826 4381 argenti
847 4326 946 4378 marca,
972 4311 1054 4362 unciis
1073 4315 1100 4362 Ι.

143 4381 254 4432 decima
264 4379 320 4430 fere
330 4380 399 4444 parti
411 4378 490 4428 modii
502 4387 603 4430 nostrs-
645 4381 716 4431 Cres.

144 4448 178 4499 tis
188 4447 305 4514 aequdis.
335 4444 603 4508 Octogimsdrsctsrir.
