3300 5225
371 567 477 620 niani
502 567 662 619 nxxxrr.
684 565 1009 620 surannunmrunr.
1158 549 1246 618 4633

135 709 202 772 ideo
211 717 328 793 tautum
341 712 415 792 agit,
428 720 472 784 ut,
486 711 581 772 dilato
592 711 708 773 interim
721 711 864 794 periculo,
876 711 1030 773 masiliam
1043 731 1083 772 ex

135 817 243 870 eventu
252 807 355 890 capiat
366 829 373 868 :
382 812 450 889 jam
463 829 518 888 ego
531 818 572 880 te,
582 808 745 890 Archelai,
753 811 855 870 hortor
867 818 1084 890 atquemoneo,

135 914 168 982 ut
182 903 322 965 Formnae
334 903 472 966 invitanti
486 904 525 965 ad
537 905 658 968 excelsa
670 907 771 967 omnia
783 927 821 967 ne
838 906 927 967 desis.
969 907 1085 974 Quem·

135 999 296 1062 admodum
308 1000 361 1062 illa
373 1023 441 1062 6666
453 1003 564 1065 amicos
574 1012 748 1074 remuneret,
762 989 923 1063 multorum
938 1005 1004 1082 jam
1020 1023 1083 1062 ma-

135 1096 171 1158 lis
180 1097 296 1159 discere
309 1099 450 1180 potuisti:
471 1119 539 1181 qum
553 1101 745 1160 6666661116
757 1101 854 1160 socios
862 1098 947 1170 fides,
958 1119 1085 1181 quaeque

134 1193 312 1268 liberalitas,
332 1205 367 1256 ιι1
391 1195 466 1256 alios
485 1205 613 1268 taceam,
638 1195 785 1256 Eumenes
807 1204 897 1275 atque
925 1195 1086 1256 Masinissa

134 1293 205 1354 satis
215 1301 251 1352 et
262 1293 402 1364 66666116,
415 1302 447 1353 61
463 1303 535 1354 6616
551 1294 687 1354 omnibus
703 1293 883 1354 documenta
900 1294 1005 1354 aunt’.
1029 1293 1084 1354 Ad
1206 1353 1213 1364 ,

133 1399 299 1448 extremum
313 1409 349 1451 eo
363 1390 517 1472 prolapsus
534 1399 590 1461 eat,
615 1399 648 1450 61
670 1390 738 1450 1666
759 1389 945 1450 Mithridatis
967 1387 1084 1449 Arche·
1096 1397 1163 1448 Ptut.

133 1484 214 1544 laum
234 1505 356 1563 regnare
376 1505 460 1566 posse
480 1485 603 1556 diceret,
617 1485 763 1567 siquidem
783 1485 895 1546 tradita
913 1487 973 1548 sibi
991 1485 1085 1546 clusae

133 1579 265 1642 dedisset
276 1601 409 1663 operam,
422 1567 460 1642 ut¹
468 1582 621 1644 benevolis
630 1581 781 1643 Romanis
793 1590 935 1648 uteretur,
977 1641 980 1646 .

173 1684 225 1738 64.
248 1677 309 1738 Sed
321 1678 385 1750 ille,
398 1678 496 1739 adhuc
509 1678 658 1758 loquentis
675 1679 802 1761 abrupta
819 1681 963 1749 oratione,
985 1679 1086 1740 ‘Pro
1097 1684 1204 1751 66666.

132 1772 284 1846 ditarem,’
305 1775 412 1856 inquit,
435 1774 555 1856 ί86116,
569 1775 754 1836 Archelaum
773 1795 831 1835 non
845 1775 988 1836 habebis:
1011 1777 1086 1836 ami-

132 1891 202 1931 cum
226 1871 363 1944 habebis,
388 1873 413 1932 si
435 1874 527 1953 aequis
550 1873 664 1952 legibus
688 1893 793 1954 pacem
813 1893 882 1934 cum
910 1872 1087 1934 Mithridate

131 1969 260 2030 t'ecerin.²
301 1968 355 2030 Ad
377 1971 442 2031 haec
468 1969 557 2052 Sylla
575 1971 667 2052 paulo
689 1970 883 2031 commotior:
905 1969 971 2030 ‘Tu
995 1973 1166 2042 retulerat,

131 2067 242 2147 inquit,
263 2066 448 2138 1616666166,
461 2087 530 2129 cum
549 2068 590 2128 sis
610 2066 792 2148 Cappadox,
815 2066 994 2146 barbarique
1010 2069 1089 2146 regis

132 2173 185 2224 aut
197 2185 310 2236 servus,
324 2174 387 2237 aut,
397 2166 422 2226 61
435 2163 532 2238 malis,
546 2166 670 2236 amicus,
686 2165 754 2242 (nac
768 2164 847 2224 enim
860 2183 916 2242 ego
929 2163 1088 2244 quicquam

132 2263 274 2322 interesse
292 2265 419 2342 661666)
437 2263 529 2323 166116
542 2261 697 2344 propositis
717 2261 846 2342 praemiis
867 2281 886 2320 a
904 2260 1091 2346 turpitudine

134 2356 314 2438 proditionis
331 2358 488 2418 abhorres:
510 2379 568 2431 me,
588 2367 620 2419 et
640 2357 823 2427 Romanum,
847 2365 878 2417 et
897 2356 1028 2438 Syllam,
1049 2357 1089 2416 ad

131 2457 233 2537 turpia
251 2455 363 2516 loedera
382 2455 531 2516 solicitas!
576 2456 673 2524 Quasi
685 2476 756 2517 vero
777 2475 835 2515 non
849 2455 902 2515 illa
920 2455 959 2515 sis
972 2455 1089 2514 Arche-

132 2554 211 2627 laus,
221 2573 312 2635 quem
325 2552 362 2615 de
375 2563 493 2615 centum
504 2554 607 2634 viginti
617 2553 750 2615 millibus
760 2553 922 2625 homiuum,
936 2572 1003 2613 cum
1015 2571 1089 2634 pau·

130 2653 175 2717 616
195 2652 359 2731 fugientem
372 2651 537 2713 Chaeronea
550 2652 642 2721 vidit;
665 2670 754 2733 quem
774 2650 992 2719 Orchomenus,
1013 2658 1088 2709 stra-

130 2759 195 2811 tum
210 2750 386 2830 corporibus
401 2749 549 2810 Boeotiaru
570 2750 796 2830 relinquentem,
815 2748 845 2807 16
859 2746 1003 2829 paludum
1020 2766 1089 2806 aua-

132 2866 197 2907 rum
210 2846 335 2907 latebris
347 2845 438 2907 hiduo
449 2846 549 2907 texit!

172 2950 226 3005 ⁵⁵.
248 2942 364 3003 Territa
377 2942 415 3003 ad
430 2944 495 3004 haec
516 2942 681 3013 Archelao,
699 2939 938 3021 etdeprecaote;
961 2938 1089 2999 1116666-

131 3039 202 3101 dico
228 3040 400 3121 interposito
423 3040 551 3112 silentio,
579 3037 780 3119 ‘Siquidem'
811 3036 1209 3123 inquit,‘omnem,A1,1,5„,

131 3158 223 3217 quam
238 3136 343 3207 babes,
364 3135 499 3209 classem,
520 3135 622 3207 duces,
648 3136 771 3214 legatos,
792 3134 942 3214 captivos,
961 3130 1089 3192 1166616-

132 3254 197 3313 gas,
211 3234 356 3311 fugitivos
371 3232 561 3293 Mithridates
574 3218 746 3301 tradiderim
763 3228 869 3301 Chios,
883 3236 915 3287 et
927 3229 952 3288 si
965 3248 1090 3308 quorum

132 3330 262 3391 aliorum
275 3350 329 3410 par
338 3348 432 3395 ’66666
445 3338 500 3400 est,
520 3328 691 3389 civitatibus
710 3327 770 3389 6616
783 3324 966 3393 reddiderim
989 3326 1090 3404 praesi-

133 3426 197 3498 dia,
224 3427 283 3486 nisi
309 3426 417 3505 quibus
441 3425 513 3486 16616
538 3434 606 3485 6616
632 3424 744 3485 bellum
768 3423 885 3493 habuit,
912 3420 1089 3489 deduxerit;

133 3533 250 3583 sumtus
262 3521 347 3593 belli,
369 3524 455 3602 cujus
467 3522 529 3603 ipse
542 3520 675 3583 concitur
695 3519 762 3591 fuit,
782 3517 970 3600 prestiteritz
992 3526 1025 3576 61
1036 3536 1090 3597 pe·

135 3622 192 3681 trio
214 3638 307 3699 regno
319 3626 483 3689 contentus,
497 3626 597 3679 cetera
610 3617 718 3698 quibus
738 3615 887 3698 oportebit
908 3614 1089 3673 restituerit:

134 3737 222 3797 spero
236 3736 283 3775 me
297 3716 326 3775 61
339 3714 512 3777 delictorum
526 3710 649 3776 reniaim
664 3734 682 3774 a
700 3714 811 3795 populo
833 3710 975 3771 Romano
996 3709 1090 3790 impe·
1198 3778 1201 3785 Ι

135 3824 281 3875 traturum
296 3812 381 3872 ease!

174 3917 226 3971 66.
250 3909 305 3969 Ad
326 3917 491 3969 extremum
514 3907 558 3967 ita
581 3905 738 3967 convenit:
761 3902 992 3964 ‘Mithridatem
1013 3901 1201 3985 6161661666,

136 4017 167 4067 61
188 4006 402 4087 Paphlagonia
423 4006 587 4065 abstinere:
610 4003 785 4085 Bithyniam
807 3999 983 4070 Nicomedi,
1007 3990 1089 4079 Cap
1101 3984 1189 4099 ξῗξῖὧ

138 4106 295 4187 padocism
314 4104 515 4164 Ariobarzani
531 4101 673 4162 reddere:
696 4098 844 4160 Romanis
862 4096 924 4157 duo
935 4094 1032 4155 millia
1044 4103 1169 4165 trs-phu,

138 4204 243 4275 lentas
270 4222 340 4263 cum
366 4200 555 4282 septuaginta
579 4199 712 4259 rostratis
736 4206 768 4257 at
792 4196 1090 4267 emolumento,

295 4412 308 4449 ¹
320 4404 378 4455 nso
389 4403 466 4455 6611116
478 4400 580 4466 talenta]
596 4398 703 4449 11166666
714 4394 817 4463 argenti
830 4396 944 4460 lauto·

204 4504 289 4569 116161.
298 4507 321 4552 rt
336 4502 395 4553 Ver.
405 4500 469 4551 Cius.
629 4494 721 4547 mass.
1118 4492 1150 4541 13
1166 4488 1189 4539 'l'
1224 4577 1227 4582 y
