3300 5225
408 608 512 657 urnar
538 603 664 657 ιω.
685 606 1011 659 surrnnuuuruu.
1179 596 1268 663 mm

148 751 214 828 ajo
223 766 284 809 non
294 748 410 811 saliere.
444 748 486 810 Sa
494 759 674 830 quemnam
685 758 719 812 et
727 747 903 813 redilitstem
913 747 956 812 sio
969 750 1102 831 gessisse,

147 856 182 908 ut
192 848 267 909 sutis
283 866 393 927 magna
408 856 507 927 speret
523 846 640 909 dedisse
657 848 837 910 documenta
849 850 1010 922 industriae,
1027 850 1103 931 vigi·
1132 852 1184 903 OEc·
1195 853 1267 905 Ture.

147 943 477 1018 moeremium.
519 942 636 1005 necin
650 945 731 1005 sano
747 965 866 1026 segnem
884 946 1103 1027 autrngrosam
1116 916 1245 1035 3²3³*

146 1062 268 1123 operam
288 1060 413 1103 navasse
436 1042 673 1123 imperatoribus,
693 1054 726 1103 et
741 1061 945 1125 saepenumero
960 1044 1106 1105 donatum

146 1140 187 1200 ab
206 1140 255 1199 bis
273 1138 485 1219 laudatumque
505 1140 625 1201 virtutis
642 1158 735 1220 eausa
753 1158 827 1202 esse.
876 1138 950 1203 Hoc
966 1142 1025 1201 sibi
1044 1158 1104 1203 non

146 1236 318 1318 pudendum
331 1235 370 1297 nd
382 1253 511 1297 summm
523 1236 650 1297 honores
666 1238 722 1298 iter
733 1237 841 1311 rideri,
859 1239 975 1299 etiamsi
993 1246 1102 1319 prem-

145 1356 209 1395 rum
221 1334 373 1397 declinet:
394 1354 485 1414 quam
496 1333 618 1395 minime
635 1334 755 1415 quidem
769 1352 789 1393 a
804 1356 836 1395 se
849 1337 964 1417 sperui:
985 1335 1038 1395 sed
1050 1355 1103 1396 ue·

145 1452 204 1511 que
223 1440 362 1513 prueturoe
384 1430 485 1491 doeme
503 1430 681 1493 candidatos
696 1431 836 1502 idoncos3
858 1433 931 1493 etin
945 1432 1102 1513 praeseutia

144 1528 224 1588 bunc
245 1548 311 1588 esse
330 1548 429 1588 rerum
447 1535 569 1600 sutum,
585 1537 663 1588 utse
674 1528 827 1589 consulem
844 1548 934 1610 quam
947 1537 1101 1610 praetorem

145 1624 247 1685 mult‘m
257 1623 355 1685 modis
365 1624 512 1685 utiliorem
524 1624 697 1706 reipublicae
708 1624 840 1685 futurum
852 1624 994 1686 confidat.
1026 1624 1100 1685 For·

144 1728 223 1781 tana
243 1720 329 1781 Deos
340 1720 522 1784 immortales
538 1721 597 1781 boo
611 1720 750 1782 iratribus
762 1721 853 1782 Juliis
869 1724 1030 1783 servavisse
1047 1725 1101 1787 de-

144 1836 207 1888 cus,
218 1826 255 1878 ut
266 1817 388 1879 alterius
393 1819 521 1879 victorin
533 1836 637 1897 sagum
644 1826 716 1897 toga
726 1827 899 1891 mutaretur,
910 1838 963 1901 per
974 1819 1100 1883 alterum

144 1913 233 1995 plane
241 1915 465 1994 extingueretur
476 1914 587 1976 sociale
599 1914 724 1997 bellum.

181 2017 236 2072 46.
258 2019 268 2047 ‘
279 2010 359 2072 Suos
370 2011 555 2073 adtemarios
562 2012 638 2073 nibil
651 2011 769 2082 afferre,
777 2014 932 2094 quominus
939 2014 1008 2092 jure
1017 2024 1101 2097 petat

141 2108 341 2181 comiatum,
360 2111 431 2187 jure
453 2110 599 2171 obtinent.
643 2109 864 2171 Tantummodo
888 2130 985 2173 mores
1009 2123 1100 2197 atque

141 2224 227 2265 usum
238 2206 373 2267 civitatis
392 2206 542 2285 ingerere:
563 2215 708 2287 tauquam
720 2208 760 2268 sit
770 2208 802 2267 in
820 2226 858 2267 eo
871 2226 978 2287 genere
993 2230 1100 2293 perpe-

139 2311 225 2363 tuum
238 2304 413 2384 quicquam,
425 2311 480 2363 aut
490 2322 555 2364 esse
567 2305 670 2385 posuit.
711 2304 767 2365 Ab
786 2305 845 2365 isto
859 2322 941 2366 more
960 2326 1041 2388 saepe
1054 2330 1099 2370 re-

139 2422 267 2474 morum,
287 2401 392 2461 multis
412 2401 560 2483 exemplis
575 2400 677 2463 doceri
695 2421 792 2483 posse,
812 2404 838 2463 si
854 2412 954 2463 actum
967 2404 1101 2485 placeret

140 2500 207 2579 agi:
228 2518 329 2578 neque
343 2518 467 2559 cansam
483 2518 556 2572 mse,
575 2515 629 2560 cur
643 2519 703 2561 nou
724 2498 814 2560 bodio
831 2499 943 2582 populo
956 2499 1103 2563 Romano

139 2595 242 2668 liceat,
269 2595 351 2677 quod
374 2616 506 2678 mquam
532 2596 670 2658 licuisset.
712 2595 824 2678 Nuper
844 2598 875 2658 in
896 2618 955 2659 uuo
979 2598 1099 2661 bomine

137 2696 330 2756 continuatos
341 2713 394 2776 per
410 2695 643 2775 quinquennium
655 2695 825 2755 consulatus
838 2697 909 2756 satis
926 2681 1099 2770 ostendiss'e,

138 2792 214 2852 nibil
227 2793 261 2852 in
278 2792 325 2852 bis
337 2793 426 2852 rebus
445 2801 507 2852 tarn
525 2791 619 2853 fixum
631 2794 845 2882 immotumque
858 2794 973 2865 baberi,
986 2805 1021 2855 ut
1032 2813 1098 2856 mu·

138 2891 196 2949 tari
208 2909 251 2950 ex
266 2909 359 2950 causa
370 2898 509 2970 nequent.

176 2993 230 3051 47.
241 2985 441 3046 ‘concessum
453 2985 579 3046 cuilibet
590 3007 665 3059 mse,
678 2996 713 3048 ut
724 2985 762 3048 de
775 3007 806 3048 se
816 2991 1096 3072 quantumvismag-

137 3082 228 3146 nilico
240 3085 372 3145 senfiut:
393 3103 564 3145 conoessum
575 3085 807 3157 endromidis,
820 3094 855 3145 ut
867 3087 894 3144 si
906 3084 1000 3148 velint
1012 3108 1097 3148 secus

136 3183 305 3263 opinentur.
347 3180 408 3242 Sed
431 3182 462 3241 in
485 3181 632 3244 beneficio
655 3182 760 3265 populi
778 3201 925 3244 summum
943 3185 1098 3248 arbitrium

137 3279 367 3360 relinquendum
383 3277 481 3340 eidem
501 3279 615 3362 populo
630 3301 705 3342 esse.
747 3280 843 3342 Hunc
856 3281 968 3362 optime
975 3279 1096 3360 judica·

136 3385 247 3447 mrum,
260 3395 322 3456 quo
334 3375 402 3436 loco
418 3375 457 3437 0.
468 3376 619 3437 cmm
631 3397 697 3438 esse
711 3378 869 3459 oporteat!

175 3479 229 3534 48.
251 3472 369 3533 Contra
393 3472 457 3533 baeo
482 3474 594 3533 tribuni
616 3472 733 3553 ‘legum
755 3475 893 3535 omnibus
915 3475 1096 3554 argumentis

135 3569 315 3630 validiorem
328 3569 554 3631 auctoritatem‘
568 3570 751 3649 allegabant.
773 3570 902 3652 ‘Populi
913 3573 1096 3633 certabaud·

135 3685 289 3746 quaquam
300 3667 469 3748 ambiguum
477 3669 530 3746 jus
541 3687 616 3738 esse,
631 3687 685 3726 nec
695 3666 771 3726 illud
780 3677 908 3748 patrono
921 3668 960 3729 G.
976 3669 1096 3730 Cessare

134 3763 282 3843 indigere,
303 3773 355 3824 aut
375 3784 528 3846 quoquam
549 3763 622 3837 alio,
642 3765 769 3824 tribunis
786 3764 886 3825 solvis.
929 3765 991 3826 Sed
1007 3765 1098 3828 nullis

135 3859 202 3921 uiis
218 3861 252 3920 in
273 3861 373 3923 causis
394 3881 479 3941 mque
500 3860 687 3921 manifestam
702 3881 767 3920 esse
784 3862 888 3942 populi
907 3865 1093 3934 sententiam,

134 3977 226 4038 quam
254 3959 286 4018 in
309 3957 426 4036 legibus
451 3956 590 4029 ferendis,
612 3958 730 4038 quoties
752 3975 896 4018 consensu
912 3959 1092 4038 jubeantur:

133 4063 197 4115 tum
209 4056 293 4116 enim
304 4053 344 4115 nd
356 4054 557 4117 maturitatem
563 4054 672 4135 judicii
683 4055 825 4116 accedere
840 4056 1027 4116 concordiam
1041 4077 1093 4118 vo-

133 4152 268 4214 luntatis.
311 4152 430 4220 Quibus
448 4152 539 4232 igitur
551 4173 620 4214 vere
635 4153 675 4213 sit
692 4154 876 4234 propositum
889 4156 1093 4215 auctoritatem

133 4251 238 4331 populi
249 4251 339 4322 tueri,
359 4251 396 4310 iis
415 4259 485 4311 aute
504 4251 604 4311 omnia
623 4251 830 4322 laborandum,
850 4260 884 4310 ut
899 4251 996 4330 legum
1014 4261 1094 4312 sarta

132 4357 275 4428 tectaque
289 4349 328 4408 sit
339 4349 500 4408 veneratio.
543 4349 617 4408 Esse
631 4359 730 4408 nutem
745 4349 836 4427 leges,
857 4368 923 4429 quae
939 4351 1093 4428 magistra·

134 4454 181 4505 tus
205 4446 310 4506 ordine
331 4447 400 4528 capi
426 4447 547 4526 gerique
561 4447 701 4526 jubeant,
725 4468 822 4528 neque
845 4447 967 4508 liberum
985 4445 1091 4526 cuique
