3300 5225
395 548 500 600 nrum
526 538 667 601 x'ovru.
688 553 1015 607 subsannandum.
1136 606 1141 613 ,
1173 542 1256 610 4861

146 690 331 773 perveniens,
351 692 569 764 interficiebam
591 695 744 776 permultis
769 696 887 779 oppidis
906 699 1096 782 castellisque

145 808 256 868 magna
270 788 421 853 celeritate
440 794 629 873 recuperatis.
672 792 757 854 Nam
774 794 926 856 homiuum
942 798 1055 859 animos
1068 799 1096 858 ei

145 904 205 946 non
218 887 377 949 assuetudo
389 897 503 949 tantum
516 890 650 971 parendi,
664 899 696 951 et
704 911 817 952 mamm
827 894 1005 974 originisque
1014 915 1096 955 com·

146 984 247 1044 munio
263 984 456 1058 conciliabat,
469 986 520 1047 sed
536 988 627 1049 etiarn
648 988 775 1049 hostium
790 990 872 1051 vitia.
915 991 1038 1073 Quippe
1049 1012 1096 1075 re-
1108 1000 1212 1068 Enuop.

144 1077 209 1139 licti
226 1100 246 1139 a
259 1080 387 1143 Lucullo
399 1092 433 1143 ut
445 1084 541 1144 victus
553 1084 718 1165 provincias
734 1094 767 1145 et
777 1088 846 1167 jam
857 1086 1014 1150 Romanas
1030 1097 1096 1149 tue·

144 1188 256 1252 rentur,
269 1180 450 1269 negligenter
461 1190 493 1243 et
505 1202 593 1243 arare
605 1204 637 1243 se
651 1184 802 1262 gerebant.

185 1282 236 1335 86.
258 1276 465 1338 Pemiciosum
483 1278 514 1339 id
528 1278 575 1340 M.
592 1278 689 1341 Fabio
706 1279 845 1341 Adriano
860 1279 930 1353 fuit,
947 1282 1023 1343 locis
1037 1282 1097 1345 illis
1107 1282 1167 1338 Dio·

144 1372 274 1451 presidii
287 1393 459 1435 causacum
471 1384 555 1457 purte
567 1378 719 1458 copiarum
731 1376 847 1439 relicto.
889 1377 950 1439 Ille
961 1380 1096 1459 specula·

144 1478 209 1529 tum
235 1470 418 1550 praemiserat
441 1470 584 1545 Thracas,
608 1474 659 1553 qui
686 1475 767 1555 prius
787 1474 868 1556 apud
890 1475 1096 1537 Mithridatem

141 1575 313 1628 meruerant
323 1567 481 1649 stipendia,
495 1577 585 1649 atque
598 1571 704 1631 iterum
718 1571 748 1629 in
763 1580 861 1651 partes
879 1571 960 1631 illius
971 1572 1097 1633 inclina·
1116 1640 1120 1649 Ι

143 1665 227 1726 bant.
272 1663 369 1745 Igitur
380 1685 449 1726 curn
465 1665 539 1727 nihil
558 1668 622 1727 sani
641 1668 867 1739 renuntiassent,
883 1668 1011 1729 Fabium
1028 1690 1098 1731 cum

143 1762 289 1825 militibus
297 1762 412 1843 longius
425 1784 606 1845 progressum
620 1764 814 1825 Mithridates
826 1785 865 1826 ex
878 1766 1040 1847 improviso
1052 1775 1099 1829 est

142 1860 276 1933 adom,
297 1870 329 1922 et
345 1860 487 1934 lhraces,
508 1862 584 1923 iuter
602 1861 737 1944 praelium
762 1872 877 1923 mutata
894 1861 966 1934 lide,
980 1862 1096 1924 Rome

142 1976 213 2017 nam
235 1960 329 2021 aciem
354 1960 770 2041 exterruerunt:.amissisque
794 1960 910 2022 circiter
929 1960 1097 2042 quingentis

142 2054 299 2129 militibus,
313 2056 426 2118 Fabius
437 2058 468 2117 in
481 2066 579 2119 casua
590 2077 645 2117 sna
656 2074 689 2118 se
702 2058 824 2139 recepit

165 2158 235 2227 ,82
256 2152 410 2215 Postridie
423 2151 496 2213 data
507 2154 610 2227 serris,
630 2162 778 2235 quotquot
794 2154 930 2226 aderant,
943 2154 1094 2226 libertate,
1106 2171 1215 2241 Appias.

141 2246 242 2311 denuo
266 2250 374 2312 eduxit
393 2250 507 2332 copias,
527 2258 681 2331 totumque
702 2249 765 2311 lere
785 2250 866 2312 diem
887 2249 979 2312 dubio
993 2251 1094 2312 Marte

141 2346 290 2408 certavit:
311 2345 408 2409 donec
425 2348 501 2409 servi
519 2347 558 2408 ad
572 2348 648 2427 regis
661 2357 771 2429 partes,
784 2348 837 2429 qui
851 2348 958 2429 etipse
971 2349 1094 2429 promit·
1106 2336 1167 2389 ⁰5⁰·

142 2444 227 2505 lebat
240 2444 419 2518 libertatem,
431 2446 621 2517 transeundo,
640 2454 805 2509 extremum
820 2446 851 2505 in
862 2444 1027 2527 periculum
1039 2445 1094 2506 ad·

142 2540 294 2603 duxerunt
312 2561 384 2603 rem.
428 2541 605 2625 Deletaeque
628 2542 777 2603 Romane
793 2543 888 2625 copiae
907 2542 1016 2616 forent,
1039 2542 1096 2602 uisi

144 2637 346 2713 Mithridates,
355 2641 428 2702 dum
440 2641 515 2701 inter
527 2641 636 2722 primos
647 2649 772 2722 pugnat,
786 2640 859 2701 licet
869 2641 1095 2723 septuagenario
1107 2635 1216 2702 Appias.

142 2737 252 2816 major,
273 2738 372 2821 lapide
392 2740 423 2799 in
441 2759 529 2818 geum
552 2739 661 2817 sagitta
673 2739 728 2799 sub
742 2738 831 2799 oculo
850 2739 979 2811 saucius,
991 2757 1096 2798 curam

142 2834 205 2895 suis
227 2837 386 2916 injecisset.
428 2835 560 2909 Idcirco,
576 2836 624 2897 his
643 2837 720 2896 iuter
737 2835 965 2916 trepidationem
977 2855 1094 2896 cessam
1106 2848 1169 2899 Dio.

140 2932 234 3004 tibus,
257 2932 371 2994 Fabius
394 2951 462 2993 cum
484 2932 605 3015 reliquis
626 2933 752 2994 militum
774 2933 882 3004 erasit,
899 2953 996 3013 neque
1013 2932 1096 3013 prius

142 3028 232 3090 desiit
263 3027 375 3109 lugere,
407 3049 499 3111 quam
525 3031 707 3090 munimenta
731 3029 909 3090 Oabiromm
939 3029 1094 3108 attigimet.

143 3123 338 3188 Mithridates
361 3127 401 3186 ob
424 3133 480 3188 sua
504 3147 681 3207 suorumque
710 3126 835 3188 vulnera
860 3126 961 3188 multis
990 3126 1095 3187 diebus
1104 3127 1214 3195 Appiae.

141 3224 243 3305 quiete
261 3225 445 3297 transmissis,
457 3223 553 3285 donec
571 3226 610 3286 ab
624 3225 748 3304 Agaris,
768 3225 913 3305 Scythica
929 3232 1028 3302 gente,
1041 3223 1095 3303 qui

139 3329 310 3403 serpentum
326 3322 407 3383 virus
423 3323 569 3383 curationi
585 3321 740 3382 vulnerum
757 3321 910 3392 adhibent,
922 3340 1094 3402 persanare·
1171 3374 1174 3378 Δ

141 3427 206 3489 tun
229 3419 359 3481 adducto
372 3420 411 3481 ad
425 3419 539 3481 cabira
550 3420 684 3480 exercitu
698 3419 745 3480 M.
760 3418 888 3487 Fabium
905 3419 997 3500 coepit
1014 3419 1092 3493 obsi,-
1104 3409 1166 3463 Dio.

140 3515 223 3576 dere.
265 3513 327 3576 Sed
348 3515 432 3577 illurn
449 3516 607 3597 improvisa
623 3535 685 3575 sors
704 3515 747 3576 ita
766 3505 906 3586 serravit,
921 3523 956 3574 ut
966 3514 1093 3575 vicissim

139 3611 273 3694 depulsis
284 3613 324 3674 ab
335 3613 393 3674 hoc
405 3609 625 3672 calamitatibus
636 3610 802 3693 implicaret
812 3620 1000 3672 servatorem.

182 3717 233 3771 88.
256 3709 293 3770 G.
319 3709 453 3770 Triarius
474 3729 514 3770 ex
542 3706 631 3780 Asia,
658 3707 848 3789 postquam„
874 3697 1027 3788 'direptam
1053 3705 1094 3765 ab
1122 3708 1236 3774 Phlegon

141 3805 342 3869 Athenodoro
356 3806 457 3867 Delon
474 3825 558 3866 muro
575 3806 722 3877 cinxerat,
736 3805 775 3866 ad
789 3805 947 3865 Lucullum
960 3802 1093 3885 proficis-
1104 3775 1230 3890 {iffi

139 3903 277 3964 cebatur.
319 3902 353 3964 Is
366 3902 469 3964 audito
483 3903 611 3963 Fabium
629 3901 769 3973 obsideri,
785 3903 946 3961 contractis
962 3901 1094 3979 undique

140 4010 271 4082 quantas
292 4009 431 4082 potuerat
453 4000 548 4081 copiis
573 3999 612 4060 ad
636 4019 705 4059 eum
726 3997 882 4058 obsidione
908 3997 1094 4062 liberandum

140 4119 315 4182 properans,
336 4099 440 4159 terruit
460 4096 678 4167 Mithridatem,
697 4104 731 4156 ut
747 4095 919 4182 priusquam
938 4096 1052 4154 veniret
1063 4095 1093 4154 in

139 4205 346 4278 conspectum,
367 4197 500 4275 (justum
520 4195 598 4254 euim
619 4194 781 4256 exercitum
795 4191 967 4252 Romanum
985 4192 1095 4255 adduci

140 4295 284 4378 putabat)
298 4293 407 4354 omissa
417 4291 583 4364 obsidione,
596 4289 769 4352 discederet.
791 4322 796 4332 ι

272 4443 302 4491 lt
321 4439 429 4506 Legitur
438 4441 465 4492 ln
476 4438 608 4492 addente
619 4437 697 4492 Cres.
711 4452 743 4489 re
753 4435 823 4498 Ario,
834 4433 964 4500 suuper.
