3300 5225
787 636 790 645 1
883 584 919 634 Τ.
942 583 1039 634 ΙιΝΙΙ

560 736 659 791 cnstm
678 728 890 810 permuniends
918 728 1059 789 substitit.
1101 726 1262 787 Sextilium
1290 720 1423 806 legatum
1444 746 1513 789 esan

560 828 643 887 mille
663 829 812 888 sexcentis
834 828 994 907 equitibus,
1016 826 1200 906 militumque
1228 834 1261 887 et
1281 825 1407 886 velitum
1433 824 1513 887 houd

560 926 655 987 multo
667 928 779 1005 mej0re
795 945 918 986 nurnero
937 925 1101 1006 premisit:
1123 921 1278 994 mondsto,
1294 932 1361 994 ‘ut,
1375 942 1446 983 cum
1459 942 1513 1004 np-

561 1022 787 1104 propinquasset
810 1022 913 1092 hostis,
938 1022 1016 1081 citro
1045 1040 1153 1101 pugnus
1178 1020 1342 1100 periculum
1361 1019 1515 1080 distineret

560 1138 641 1191 eum,
650 1118 747 1179 donec
759 1118 874 1179 munito
882 1138 946 1179 esse
957 1126 1057 1179 castro
1067 1117 1241 1177 didicisset!
1282 1115 1448 1197 Imperium
1459 1115 1514 1175 dn·

561 1217 605 1277 eis
617 1236 686 1278 cum
699 1236 816 1277 servare
830 1214 977 1276 Sextilius
986 1213 1089 1286 vellet,
1101 1215 1214 1296 impetu
1226 1213 1364 1274 ferociter
1371 1212 1514 1273 invehen-

561 1312 634 1373 tium
647 1333 679 1373 se
698 1312 829 1374 hostium
845 1312 987 1373 dimicare
1008 1320 1055 1373 est
1071 1319 1203 1371 concurs.
1243 1310 1356 1389 Pugno
1373 1330 1516 1391 prospers

562 1408 708 1470 Romanis
718 1408 785 1471 luit.
829 1409 1088 1469 Mithrobarzanes
1096 1409 1126 1467 in
1140 1406 1381 1488 preliooecidit:
1394 1408 1516 1468 barbari

484 1574 486 1581 ,
559 1506 692 1586 plerique
705 1506 851 1585 fugientes
862 1506 953 1566 cmi:
974 1506 1064 1586 peuci
1084 1504 1124 1565 ad
1143 1524 1244 1584 regem
1262 1502 1414 1565 redierurm
1432 1504 1515 1567 inco-
1633 1553 1634 1560 ,

560 1600 664 1664 lumea.
706 1604 751 1676 Is,
767 1606 826 1665 hoc
846 1604 950 1664 nuntio
962 1604 1093 1674 territum,
1106 1622 1203 1683 neque
1216 1602 1402 1663 minusnnnc
1415 1603 1458 1663 ud
1476 1606 1515 1665 ti·
1633 1671 1634 1680 χ

537 1718 539 1722 ’
559 1720 669 1763 morem
688 1722 832 1784 preceps,
854 1722 945 1782 qnam
963 1699 1055 1782 psulo
1067 1709 1137 1761 ante
1150 1698 1291 1781 snperbia
1302 1699 1437 1761 tumidus
1450 1701 1515 1762 lue-
1633 1683 1634 1702 ¹

558 1805 616 1870 rat,
627 1798 840 1879 Tigranocerta
853 1798 987 1859 Msnoaei
1000 1797 1071 1859 lidei
1083 1797 1252 1859 committit.
1294 1796 1366 1878 Ipse
1378 1797 1419 1858 ad
1431 1797 1515 1859 Teu·

560 1914 623 1955 rum
636 1906 766 1958 montem
778 1918 810 1957 se
822 1896 947 1968 confert,
961 1916 1065 1957 omnes
1077 1895 1194 1977 imperii
1205 1893 1284 1955 vires
1293 1915 1331 1955 eo
1341 1904 1514 1957 conuectu-

560 2012 619 2065 rus,
634 1994 811 2055 Mithridate
824 2013 943 2075 quoque
952 2002 1103 2054 revocato.

484 2097 523 2131 ⁰·
600 2096 649 2151 86.
672 2091 815 2153 Lucullus
837 2093 950 2153 interes
966 2092 1082 2162 urbem,
1102 2090 1134 2151 in
1155 2110 1218 2170 qus
1236 2090 1421 2151 concubinas
1440 2092 1516 2171 regis

456 2176 462 2189 ⁸
496 2214 503 2231 ·
559 2188 886 2263 menarisudiverat,
904 2189 1074 2261 obsidebat,
1093 2187 1222 2249 Sextilio
1240 2186 1282 2248 ud
1301 2186 1516 2267 Tigranocerta
1633 2193 1634 2202 ’

557 2285 738 2359 claudendo,
749 2286 817 2347 aliis
829 2308 948 2368 quoque
963 2286 1090 2349 ducibus
1098 2286 1210 2347 circum
1220 2286 1379 2365 insigniora
1387 2287 1516 2347 mlle

557 2383 694 2445 dimissis.
732 2384 889 2446 Muncaeus
899 2385 1062 2447 Sextilium
1070 2404 1170 2445 arcere
1178 2384 1353 2444 institurerst.
1388 2382 1455 2459 Sed
1470 2405 1515 2445 re·

558 2480 661 2560 pulsus
673 2482 879 2555 intramnis,
891 2483 1089 2543 suburbanam
1098 2466 1418 2562 regiam'diripisseque
1425 2489 1516 2541 etur-

558 2577 625 2637 bem
635 2566 866 2653 circumvallari,
877 2578 1158 2650 udducimachinas,
1167 2576 1259 2639 effodi
1268 2576 1424 2638 cuniculos
1435 2577 1515 2639 tulis

560 2673 681 2735 Interes
698 2697 750 2736 sex
764 2677 899 2757 equitum
910 2677 1005 2737 millio
1019 2678 1106 2756 jussu
1123 2674 1261 2754 Tigranis
1276 2674 1317 2736 ud
1330 2676 1517 2735 concubinas

558 2771 726 2853 eripiendas
745 2772 891 2855 prolecto,
905 2795 957 2857 per
971 2773 1086 2836 medias
1098 2771 1305 2834 Romanorum
1316 2773 1435 2853 copies,
1447 2793 1515 2833 cunr

427 2885 481 2918 eun
498 2887 522 2920 n.
559 2869 652 2929 imbre
668 2872 843 2950 sagittarum
858 2871 1032 2933 clausissent
1041 2872 1078 2932 iis
1090 2871 1215 2942 exitum,
1227 2869 1396 2930 eduxerunt
1406 2870 1515 2931 mulie·

558 2985 614 3038 res,
630 2969 891 3050 praemiseruntqus
899 2959 953 3050 per
962 2977 1089 3028 noctem.
1110 2965 1248 3028 Sedorts
1258 2963 1341 3037 luce,
1350 2965 1515 3027 Romanis

558 3084 616 3143 qua
638 3073 669 3126 at
690 3065 841 3127 Thracum
861 3066 983 3128 auxiliis
1005 3067 1147 3128 acerrime
1165 3064 1381 3147 prelinntibus,
1404 3083 1516 3143 magna

557 3162 718 3226 multitudo
731 3163 938 3225 Armeniorum
947 3185 1026 3226 emsa
1035 3173 1202 3245 captaque:
1215 3163 1399 3244 premimus
1411 3170 1514 3224 tumen

557 3279 673 3338 agmen,
684 3263 755 3343 quis
768 3265 836 3342 jum
849 3260 1036 3343 aliquantum
1049 3262 1105 3323 riae
1119 3269 1309 3343 preceperat,
1323 3261 1353 3320 in
1367 3259 1438 3320 loca
1449 3269 1516 3322 unu

426 3389 460 3424 u.
559 3358 702 3435 pervenit.

598 3460 647 3518 nt.
673 3455 717 3515 At
729 3455 874 3516 Lucullus
885 3475 924 3516 ne
935 3457 1065 3538 spatium
1083 3457 1144 3535 regi
1162 3477 1216 3538 per
1229 3457 1324 3516 otium
1335 3457 1514 3516 mamanen-

419 3537 425 3548 ’
461 3537 513 3589 ''-
557 3547 662 3610 durum
674 3551 780 3612 virium
792 3552 980 3625 concederet,
1000 3553 1158 3612 Murenam
1173 3552 1213 3613 sd
1223 3550 1391 3632 carpendos
1405 3555 1461 3633 qui
1475 3552 1514 3612 ad

425 3619 460 3654 ¹¹·
556 3645 643 3706 arrum
666 3649 876 3710 accelerabunt
896 3651 986 3712 nsit.
1029 3650 1101 3733 lpse
1125 3671 1196 3711 eum
1217 3650 1257 3711 aa
1278 3647 1515 3728 numm

555 3746 694 3819 venisset,
722 3746 883 3808 Sextilium
907 3769 1059 3820 occurrere
1086 3747 1225 3811 Arabum
1247 3749 1392 3819 exercitui
1408 3749 1514 3827 jussit,

556 3843 607 3921 qni
620 3847 800 3924 conjungere
817 3865 849 3905 se
864 3844 988 3923 Tigrani
1006 3847 1156 3926 cupiebat
1198 3846 1242 3906 Et
1258 3846 1363 3906 horum
1377 3845 1514 3927 plerique

555 3941 686 4019 oppressi
701 3951 770 4002 sunt
786 3962 806 4002 s
821 3941 962 4013 Sextilio,
980 3963 1048 4003 cum
1067 3943 1144 4004 forte
1162 3951 1259 4003 casus
1271 3943 1450 4023 ponentibus
1463 3963 1513 4002 m·

556 4038 743 4115 pervenisset.
776 4039 906 4101 Muteno
918 4039 948 4099 in
962 4050 1046 4100 arcto
1057 4040 1188 4121 quodem
1202 4048 1233 4100 et
1245 4039 1424 4118 confragoso
1432 4040 1512 4100 vnlle

411 4131 462 4182 050·
474 4150 517 4199 pro
555 4133 713 4214 Tigranem
726 4146 841 4210 nectus,
859 4139 927 4199 loco
941 4139 1097 4199 eudociam
1109 4138 1210 4210 dante,
1223 4140 1376 4199 conseruit
1386 4158 1511 4198 manus:

394 4195 423 4242 Μ
474 4204 525 4250 c9

395 4213 462 4315 Pdd'
490 4235 497 4252 '
526 4233 533 4250 '
557 4251 652 4312 neque
674 4235 839 4315 spernendo
857 4237 982 4298 victoris
997 4238 1120 4320 potitus,
1140 4233 1357 4319 impedimentis
1373 4237 1513 4297 omnibns

556 4350 653 4409 regem
667 4334 760 4393 exuit.

589 4463 605 4506 6
624 4461 794 4522 Tigranocerta
805 4462 1141 4531 Cler.sineprarpositione.
1159 4463 1280 4530 Reliqua
1291 4461 1423 4516 eddsnte
1434 4464 1513 4515 Crer-
1633 4514 1634 4521 ,

556 4525 654 4577 liabent
664 4543 680 4576 u
694 4527 871 4588 tigranocerta.
