3300 5225
387 514 476 579 4710
863 534 899 581 r.
922 533 1019 583 nrvrr

274 734 282 745 ,
386 670 441 785 Ῑρἷῆ
451 668 517 735 Evil-
551 674 616 735 nuit
628 672 726 757 Sylla,
738 674 909 739 desisteret:
930 676 1220 758 deinde,postqua1n
1237 674 1502 758 spretedictatoris

404 744 530 849 ἕξω,
550 770 714 843 voluntate,
735 794 844 853 niagno
864 773 1029 835 faventium
1048 774 1164 853 agmine
1181 775 1338 834 comitatus
1355 772 1385 833 in
1404 770 1500 832 iorum

386 862 523 979 ⁹}thssss
551 869 643 940 venit,
657 889 676 930 e
690 868 725 930 L.
741 869 880 931 Bellieno
892 870 921 930 in
935 871 1032 932 medio
1042 872 1108 933 foro
1120 881 1165 931 est
1178 870 1357 932 intersectum.

407 945 412 976 ¹
432 966 440 981 '
480 944 517 979 n.
592 972 641 1028 14.
663 966 790 1047 Indigna
803 989 866 1029 rem
882 967 994 1030 serente
1009 968 1131 1051 populo,
1144 969 1369 1050 comprehensus
1382 990 1501 1051 percus-

550 1084 599 1125 sor
618 1065 657 1125 ad
677 1065 772 1148 Syllae
785 1066 913 1127 tribunal
924 1067 1094 1139 adducitur,
1114 1068 1166 1148 qui
1184 1066 1290 1127 sedens
1301 1088 1355 1147 pro
1368 1067 1502 1129 Castoris

387 1156 496 1223 Aspim·
550 1184 588 1223 ex
601 1164 683 1225 edito
695 1162 761 1224 loco
774 1164 887 1225 caedem
902 1174 1097 1247 spectaverat.
1139 1164 1200 1226 Ille
1211 1174 1318 1225 vocata
1330 1164 1369 1224 ad
1382 1166 1502 1225 concio-

550 1280 618 1321 nem
646 1261 848 1334 multitudine,
870 1261 943 1323 ‘Ne
956 1263 1114 1334 nesciatis‚’
1137 1257 1243 1342 inquit,
1258 1261 1425 1334 ‘Quirites,
1446 1282 1502 1341 ego

545 1357 639 1434 jussi:
666 1358 807 1419 dimittite
830 1359 978 1420 hominem
997 1358 1150 1420 dictatorie
1167 1345 1291 1439 imperio
1308 1358 1502 1419 obsecutum?

550 1452 682 1515 Addidit
714 1454 821 1517 deinde
848 1457 1037 1517 atrocissimae
1063 1456 1311 1538 interpretationis
1342 1454 1500 1517 fabulam:

550 1548 732 1612 ‘Rusticum
758 1574 778 1613 a
802 1552 948 1634 pediculis
971 1566 1111 1626 morsum,
1137 1572 1205 1613 curn
1225 1552 1316 1612 semel
1335 1553 1501 1633 iterumque

550 1646 707 1709 interulam
727 1658 890 1730 purgasset,
904 1649 1035 1721 tandem,
1048 1669 1086 1709 ne
1102 1650 1212 1730 saepius
1224 1648 1416 1710 intermittere
1428 1662 1502 1731 opus

549 1756 713 1825 cogeretur,
726 1758 849 1809 exutam
860 1769 928 1809 eum
940 1750 1013 1830 ipsis
1021 1748 1188 1809 vermiculis
1200 1748 1336 1826 injecisse
1348 1750 1379 1807 in
1392 1749 1500 1829 ignem.

551 1841 594 1902 Et
605 1846 682 1923 ego,'
696 1847 802 1927 inquit,
816 1847 965 1907 ‘monitos
975 1847 1046 1908 volo
1056 1847 1161 1917 victos,
1175 1867 1213 1906 ne
1222 1846 1340 1906 tertium
1351 1846 1500 1906 insanien-

550 1947 595 1998 tes
607 1960 681 2023 opus
694 1942 829 2003 incendio
839 1944 988 2004 haheant'
1010 1942 1061 2003 lta
1072 1942 1197 2024 depulso
1209 1962 1297 2023 quem
1308 1942 1499 2003 certissimum

550 2038 700 2099 consulem
713 2038 776 2101 fore
788 2060 890 2103 omues
902 2040 1098 2113 crediderant,
1110 2040 1157 2101 M.
1166 2039 1283 2100 Tullios
1294 2038 1340 2101 M.
1350 2039 1387 2099 F.
1398 2040 1445 2100 A.
1455 2039 1500 2100 N.

552 2132 683 2208 Decula,
702 2137 760 2198 Gn.
782 2138 939 2199 Cornelius
961 2138 1125 2201 Dolabella
1143 2138 1248 2209 creati,
1269 2157 1375 2197 nomen
1392 2137 1500 2207 verius,

538 2242 640 2314 'quam
653 2234 829 2315 dignitatem
846 2236 1017 2297 consulatus
1032 2236 1237 2318 occeperunt.⁸
1278 2233 1363 2295 Nam
1375 2254 1428 2294 eos
1439 2234 1500 2294 dic·

551 2338 639 2403 tator,
654 2332 759 2410 viginti
772 2343 899 2414 quatuor
912 2333 1076 2405 lictoribus,
1096 2342 1128 2393 et
1145 2352 1253 2412 magna
1265 2330 1428 2392 satellitum
1441 2340 1501 2391 tnr-

551 2428 592 2486 ba
603 2428 739 2510 stipatus,
753 2438 899 2511 potestate
909 2430 998 2511 plane
1011 2432 1093 2510 regia
1105 2430 1310 2511 proeminebat.

595 2530 643 2585 lo.
666 2524 758 2586 Initio
780 2528 845 2605 ejus
871 2528 941 2588 anni
966 2526 1003 2587 L.
1027 2525 1184 2587 Cornelius
1207 2524 1295 2605 Sylla
1314 2523 1444 2585 dictetor
1464 2523 1501 2584 de

553 2619 729 2684 Mithridate
746 2645 814 2704 rege
836 2625 1018 2706 triumphurn
1034 2623 1132 2685 duxit.
1175 2621 1214 2683 In
1234 2642 1295 2702 qno
1307 2621 1384 2681 illud
1398 2621 1501 2682 landa·

388 2790 410 2822 u
552 2716 651 2778 biliter
671 2721 710 2780 ob
728 2741 765 2782 eo
785 2721 910 2795 factum,
929 2720 1011 2803 quod
1028 2741 1124 2802 neque
1135 2719 1318 2800 triumphare
1330 2719 1370 2779 de
1386 2718 1503 2779 civibus

447 2805 455 2824 '
551 2814 657 2888 voluit,
669 2838 840 2898 quanquam
857 2818 1024 2898 ingentibus
1036 2838 1137 2879 eornm
1153 2817 1249 2898 copiis
1260 2817 1436 2897 prostratim
1458 2824 1499 2886 et,

551 2929 618 2971 cum
632 2912 717 2973 Asiae
731 2913 919 2996 Graeciaeqne
937 2915 1048 2976 multas
1060 2915 1149 2976 urbes
1161 2913 1373 2982 transveheret,
1386 2911 1501 2971 nnllnm

550 3008 660 3069 civium
674 3007 880 3071 Romanorum
892 3011 1036 3093 oppidum
1046 3012 1077 3071 in
1090 3031 1127 3072 ea
1139 3030 1249 3093 pompa
1260 3009 1386 3091 spectari
1400 3029 1503 3089 passus

422 3117 456 3150 ¹¹·
551 3113 605 3165 est.
648 3104 788 3169 Ceterum
800 3107 977 3187 magnificus
989 3117 1134 3189 apparatu
1146 3106 1325 3187 ferculisqne
1338 3106 1503 3187 triumphus

551 3198 619 3274 fuit,
632 3223 700 3264 oum
713 3203 789 3264 inter
801 3203 1015 3286 opulentissimi
1025 3207 1101 3283 regis
1110 3203 1206 3285 spolia
1215 3224 1262 3264 ros
1274 3203 1410 3284 pretiosoe
1423 3202 1501 3262 visu·

498 3301 501 3310 '
551 3318 609 3378 que
622 3319 695 3361 rorte
709 3301 796 3382 longo
809 3301 912 3364 ordine
925 3311 1118 3382 portarentur.
1160 3301 1222 3362 Sed
1235 3300 1317 3360 nullo
1329 3300 1443 3378 majore
1456 3319 1501 3358 or-

474 3427 475 3432 *
552 3406 691 3457 numento
701 3397 849 3460 illustrata
861 3418 972 3482 pompa
982 3409 1038 3472 est,
1049 3419 1138 3481 quam
1148 3399 1229 3479 qnod
1242 3405 1344 3458 tamma
1355 3395 1502 3456 nobilissi-

552 3511 666 3554 rnorum
679 3495 808 3555 virorum
822 3515 972 3568 numerus,
985 3517 1060 3577 quos
1077 3517 1097 3556 a
1109 3495 1251 3556 Mariana
1262 3493 1392 3554 factione
1403 3491 1502 3573 pulsos
1613 3494 1614 3503 ’

552 3587 723 3663 reduxerat,
737 3592 768 3652 in
781 3593 866 3673 equis
876 3613 994 3653 currum
1007 3595 1073 3673 ejus
1081 3593 1291 3673 sequebantur,
1305 3598 1502 3649 ‘servatorem

552 3693 584 3744 et
595 3688 730 3765 patrem’
750 3688 952 3770 appellantesr
973 3691 1022 3749 cui
1035 3697 1189 3770 acceptum
1202 3686 1381 3756 referebant,
1402 3683 1502 3766 ‘quod

361 3867 367 3874 .
552 3791 673 3863 aspectu
692 3785 807 3865 patrias,
827 3785 910 3867 quod
926 3786 1086 3869 complexu
1105 3785 1320 3847 canssimorum
1335 3784 1502 3863 pignomm,

388 3889 541 3959 Fdespir.
552 3879 632 3959 quod
645 3879 774 3961 denique
787 3883 936 3943 communi
954 3883 1009 3944 illa
1020 3882 1086 3943 luce
1103 3881 1289 3942 fruerentur)
1331 3878 1434 3939 Biduo
1451 3877 1500 3938 tri-

406 3987 471 4037 Plio.
551 3977 714 4058 umphavit,
729 3979 773 4040 A.
788 3977 830 4040 D.
843 3989 932 4040 1v.et
946 3995 1001 4042 111.
1017 3978 1173 4041 Kalendas
1185 3978 1370 4039 Februarias.
1397 3976 1502 4036 Prima
1613 4026 1614 4053 3

389 4067 494 4108 ¹¹¹¹¹¹·
504 4059 529 4108 ¹·
550 4072 600 4133 die
625 4074 774 4136 transtulit
796 4077 861 4137 auri
884 4076 984 4158 pondo
1004 4077 1173 4158 quindecim
1196 4075 1315 4146 millia,l
1332 4081 1365 4134 et
1387 4073 1501 4153 argenti

548 4281 605 4344 jans
625 4265 816 4334 observavimus
827 4283 861 4335 ed
880 4297 1011 4338 txxxvrr.
1078 4283 1160 4337 ‘sos
1175 4285 1252 4350 pondo
1269 4281 1405 4348 moesus
1414 4280 1500 4343 uillis]

552 4349 577 4396 ⁷·
596 4347 665 4397 Creo·
1044 4348 1381 4402 Marensssssmncius.
1397 4346 1499 4408 Argenti

536 4485 539 4490 Ι
585 4411 601 4441 ·
619 4411 698 4466 ΑΛ).
709 4411 810 4468 cett.
823 4413 857 4467 A.
868 4413 949 4470 (281.
1041 4418 1223 4482 mentam
1240 4410 1496 4480 etquidem-sois
