3300 5225
884 565 919 616 ‘l'-
942 565 1038 618 mvn

572 706 655 768 nvidi
678 727 796 790 pugne,
815 707 948 790 nihilque
970 729 1031 771 nure
1051 709 1153 772 virtuti
1176 713 1288 773 invium
1305 713 1473 792 jectnntes,
1495 715 1528 773 in

571 804 685 864 bostem
699 805 742 865 uti
752 805 941 878 ducerentur,
954 806 1155 888 postulsbsnt.
1197 807 1370 870 Recusunte
1383 807 1528 880 Lucullo,

572 911 663 982 etque
676 921 759 963 suom
777 903 965 966 occssionem
982 906 1111 985 jubente
1124 908 1287 988 expeetcri,
1299 927 1391 988 prope
1401 906 1530 966 seditio-

572 1019 639 1059 nem
654 1007 792 1071 ventum
813 999 864 1062 vel
881 1001 994 1082 injussu
1006 1003 1190 1086 imperotoris
1200 1003 1530 1085 pugneturescinmsn-

572 1097 672 1160 tibus:
702 1098 799 1160 donec
824 1100 1051 1162 nccomrnodnto
1078 1101 1203 1182 tempori
1232 1101 1367 1162 orotione
1397 1103 1533 1180 mitignti

572 1197 757 1276 quieverunt.
799 1196 913 1278 Neque
930 1197 1025 1259 multo
1042 1207 1111 1281 post
1125 1200 1305 1280 imperatorii
1315 1198 1434 1260 consilii
1445 1199 1534 1258 sein·

573 1295 665 1356 britns
683 1297 833 1377 npporuit,
845 1315 914 1358 curu
931 1297 1056 1379 penurie
1066 1306 1284 1356 commentuuru
1296 1315 1417 1357 movere
1428 1305 1536 1356 ouon

575 1392 768 1454 Mithridates
779 1403 942 1474 cogeretur.
983 1393 1069 1455 Nom
1081 1393 1144 1466 ille,
1153 1415 1214 1474 quo
1224 1393 1385 1454 Lucullum
1396 1391 1534 1462 intimet,

573 1499 704 1550 coenntos
721 1489 831 1552 milites
848 1492 951 1552 neum
970 1490 1109 1561 obduxit,
1125 1499 1243 1552 noctem
1259 1491 1418 1551 obscurum
1435 1499 1536 1570 utque

575 1587 740 1648 nimbosum
755 1596 872 1660 nocuis,
884 1597 917 1648 et
929 1589 1043 1649 oriente
1060 1586 1123 1648 sole
1139 1589 1170 1648 iu
1182 1587 1335 1650 Adrnstire
1348 1596 1461 1658 monte,
1476 1588 1536 1666 qui

575 1682 690 1764 Cyzico
702 1684 769 1746 urbi
779 1693 825 1744 cst
838 1685 1003 1766 opposituu,
1015 1683 1159 1746 consedit.

615 1786 645 1842 8.
668 1779 822 1854 Lucullus,
851 1782 1017 1863 composito
1036 1781 1153 1862 ngmine
1180 1782 1224 1841 ito
1250 1781 1412 1851 insecutus,
1436 1789 1472 1840 ut
1494 1801 1537 1840 ne

575 1877 726 1958 pugnandi
740 1879 899 1939 necessitas
912 1879 1023 1960 imponi
1034 1879 1129 1939 invito
1137 1887 1252 1960 ponet:
1266 1875 1536 1948 omniscium,

444 2043 450 2053 ‚
489 1975 496 2052 ἒ
529 2011 537 2028 ·
576 1975 1258 2056 quemvocent,00men,cnvtrucommunivit.
1279 1973 1538 2054 Cognitodeinde

444 2057 451 2090 ¹
516 2075 523 2092 ·
576 2095 615 2134 ex
635 2075 774 2157 epum,
797 2075 859 2154 mgr
879 2075 996 2135 curem
1012 2082 1145 2135 eoem
1164 2072 1317 2134 uminum
1336 2071 1446 2144 mitur,
1470 2093 1536 2132 m·

576 2181 646 2232 onte
659 2173 772 2254 perutis
787 2173 893 2254 copiis,
906 2171 959 2232 ed
972 2192 1011 2232 ex
1021 2171 1197 2252 quotidiano
1208 2171 1401 2231 subvectione
1413 2170 1537 2229 meriti·

444 2271 481 2307 ¹¹·
537 2261 541 2270 ’
577 2289 626 2328 mn
639 2267 962 2329 etimmentetionibus
973 2268 1025 2341 nli,
1040 2267 1140 2328 future
1153 2269 1253 2327 enimc
1266 2266 1459 2347 prospiciens,
1472 2285 1536 2326 11011

576 2365 722 2426 continuit
734 2363 881 2437 letitiam,
895 2363 948 2425 sed
961 2385 1052 2446 opere
1064 2373 1228 2425 castrorum
1240 2362 1384 2444 perfectu,
1397 2362 1537 2422 advoco·

575 2463 619 2524 rit
630 2463 815 2534 concionem,
829 2471 921 2544 utque
934 2462 1015 2545 opud
1026 2461 1220 2524 circumimus
1232 2463 1276 2521 its
1284 2479 1367 2520 orsus
1377 2469 1435 2519 est.

614 2567 645 2622 4.
668 2559 832 2621 ‘Omnium
853 2560 986 2640 gentium
1003 2569 1093 2641 etque
1113 2557 1289 2642 populorum
1311 2557 1464 2629 iustitutin
1480 2557 1536 2637 qni

575 2658 677 2737 utique
695 2676 853 2717 consensus
871 2676 892 2717 n
913 2666 996 2717 recte
1014 2658 1130 2718 untione
1151 2676 1303 2737 nunqunru
1319 2653 1461 2724 discedit,
1491 2656 1536 2713 its

575 2754 711 2815 videmus
723 2752 885 2827 observari,
898 2763 933 2814 ut
945 2755 976 2815 in
988 2774 1020 2814 re
1032 2753 1144 2815 bellico
1161 2754 1263 2814 multis
1273 2752 1427 2813 bominum
1438 2750 1536 2811 milli-

575 2850 631 2911 bus
640 2870 715 2911 unus
724 2850 898 2932 plerumque
907 2850 1068 2932 imperator
1078 2850 1195 2933 presit:
1206 2849 1402 2911 multssenim
1412 2868 1536 2919 monus,

574 2946 627 3007 sed
640 2967 731 3009 unum
743 2948 900 3009 consilium
917 2968 965 3009 res
976 2946 1113 3008 miiitsris
1123 2946 1282 3009 desideret.
1324 2944 1539 3013 Quemsdmo-

574 3044 647 3105 durn
660 3053 692 3105 ct
704 3044 733 3105 in
746 3044 943 3105 animantium
959 3045 1132 3127 corporibus
1149 3044 1314 3127 compluris
1326 3044 1458 3103 membru
1482 3062 1539 3103 cn·

574 3142 645 3223 pitis
655 3141 741 3202 unius
752 3142 877 3224 imperio
886 3152 1035 3222 mguuur.
1076 3141 1184 3223 Atque
1195 3143 1253 3204 boc
1263 3162 1323 3203 non
1333 3140 1403 3203 ideo
1414 3149 1538 3202 tanum

574 3249 621 3301 est
630 3238 715 3311 utile,
727 3260 775 3311 ne,
786 3240 811 3300 si
825 3238 954 3321 plurium
962 3240 1003 3300 sit
1014 3240 1179 3312 arbitrium,
1186 3238 1433 3322 pestilentissime
1444 3242 1538 3301 rebus

575 3336 710 3415 gerendis
719 3336 863 3397 dissensio
874 3344 1032 3408 nusceturg
1047 3337 1099 3398 sed
1108 3347 1154 3411 ut,
1167 3337 1247 3419 quod
1260 3336 1462 3399 deliberatum
1475 3347 1537 3408 cst,

575 3431 671 3494 donec
692 3431 799 3513 egendi
822 3441 940 3513 tempus
952 3434 1118 3507 advenerit,
1130 3434 1277 3496 occultius
1298 3436 1338 3495 sit
1360 3442 1392 3494 et
1412 3434 1537 3494 tectius.

576 3530 683 3611 Atque
697 3532 762 3591 brec
775 3530 831 3591 ille
844 3550 891 3591 res
903 3539 959 3603 est,
972 3551 1041 3613 quse
1054 3532 1211 3615 plurimum
1221 3534 1252 3594 in
1266 3532 1539 3614 imperotorepeti·

575 3630 687 3690 entium
709 3628 823 3710 poscit;
847 3636 882 3689 ut
899 3638 1067 3691 constenter
1083 3640 1205 3693 mouent
1225 3632 1257 3693 in
1275 3640 1357 3691 recte
1373 3628 1538 3701 consultis,

576 3744 673 3807 neque
693 3726 822 3787 bostium
843 3722 990 3800 ludibriis,
1003 3748 1099 3809 neque
1118 3748 1238 3789 suorum
1259 3727 1444 3788 sermonibus
1461 3726 1541 3787 inde

575 3842 608 3883 se
621 3822 751 3904 petintur
763 3820 919 3884 dimoveri.

618 3924 648 3979 6.
669 3916 762 3979 ‘Nec
774 3920 853 3979 enirn
871 3918 965 3979 lutere
981 3937 1030 3978 me
1046 3918 1154 4000 potuit,
1167 3937 1237 3999 quse
1258 3937 1353 3999 nuper
1370 3936 1411 3978 ex
1429 3919 1540 3979 civili·

578 4016 634 4076 bus
645 4014 734 4076 bellis
754 4036 849 4099 provo
865 4013 1048 4077 cousuetudo
1064 4014 1256 4096 plurimorum
1268 4016 1360 4075 etium
1381 4034 1420 4074 ex
1439 4016 1541 4076 vobis

578 4114 742 4194 corruperit
754 4122 877 4184 mentes,
891 4120 936 4184 ut,
949 4132 1018 4175 eum
1030 4112 1141 4173 milites
1155 4112 1324 4194 imperatori
1340 4130 1466 4192 opernm
1480 4132 1541 4173 nn·

579 4228 650 4270 vere
672 4210 814 4281 debeant,
837 4200 1029 4291 imperotores
1047 4210 1103 4292 ipsi
1125 4229 1189 4270 esse
1211 4209 1316 4281 veiint,
1333 4218 1375 4280 et,
1396 4206 1477 4287 quid
1495 4208 1540 4270 de

514 4374 518 4378 ,
578 4326 693 4367 summo
712 4328 808 4368 rerum
823 4306 1024 4389 judicandum
1042 4310 1093 4381 sit,
1105 4307 1273 4369 decernere.
1315 4304 1373 4367 Sed
1392 4305 1453 4365 bos
1476 4328 1542 4386 ego

579 4414 678 4486 portes
690 4425 771 4469 mens
783 4406 855 4467 mibi
874 4405 1054 4487 relinquere,
1073 4426 1142 4469 suus
1160 4426 1265 4471 curere
1284 4406 1385 4488 jubeo.
1425 4400 1539 4469 simu
