3300 5225
423 569 528 620 arnus
553 569 618 619 on.
641 565 965 618 spernendorum.
1163 547 1250 632 4951

138 725 256 788 senatu,
277 721 447 797 ‘parentem
467 713 590 795 patrim'
611 713 817 774 nominarunt:
847 730 906 772 non
930 719 965 770 nt
983 715 1088 791 postea
1100 716 1241 833 wPlirpuppp

141 813 277 874 cesares
297 812 376 873 idem
389 811 580 881 vocabulum,
600 818 632 870 et
649 809 792 890 quioquid
814 809 944 869 tribuere
957 804 1088 867 adulatio
1099 849 1151 898 w·
1162 864 1224 897 vm.

140 919 250 990 potest,
265 910 442 980 habuerunt,
466 906 518 967 sed
540 909 654 985 integra
666 905 814 967 libertate.
857 903 893 965 1..
907 902 1027 964 Gellius
1044 901 1194 990 vireat&
1223 979 1229 989 Ι

140 1007 303 1078 censorius,
334 1015 342 1044 ‘
364 1007 493 1067 civicam
511 1004 539 1064 ei
560 1023 699 1064 coronam
725 1001 851 1064 deberi'
869 1001 949 1062 dixit
968 1009 978 1037 ‘
1002 1019 1022 1059 a
1043 977 1251 1094 ressffiffi

143 1103 355 1263 Pffifcum
374 1197 423 1257 hic
443 1197 587 1256 bonorum
599 1194 729 1255 omnium
748 1213 850 1254 sensus
866 1201 954 1266 esset,
971 1201 1093 1257 exortus

143 1305 190 1356 est
214 1296 255 1362 Q..
270 1295 414 1356 Metellus
433 1293 551 1374 Nepos,
565 1292 617 1374 qui
638 1301 701 1352 tum
721 1292 874 1352 tribunatu
890 1311 993 1354 recens
1006 1291 1092 1363 inito,

142 1415 211 1454 cum
226 1393 261 1454 L.
277 1393 382 1453 Bestia
395 1391 523 1470 collega,
541 1399 573 1450 et
589 1388 742 1469 designato
762 1397 887 1470 praetore
907 1388 947 1450 0.
960 1387 1091 1459 cesam,
1120 1381 1215 1432 ⁰¹⁸0·ss

1200 1044 1230 1092 ie.

1049 1487 1056 1502 .
1104 1446 1207 1498 suna.
1321 1472 1325 1476 *

144 1491 299 1552 Ciceronis
312 1499 381 1551 acta
393 1488 546 1549 laceraret.
588 1487 622 1548 Is
644 1487 737 1568 pridie
758 1485 915 1549 Kalendas
932 1486 1093 1548 Jasuarras
1104 1511 1185 1578 ΕΜ,

142 1590 300 1649 abeuntem
312 1587 486 1666 magistratu
498 1586 591 1646 verba
601 1584 700 1646 lacere
710 1582 749 1644 ad
761 1583 906 1665 populum
917 1587 1023 1656 vetuit,
1043 1585 1092 1645 ‘ei

73 1756 77 1764 ‚
142 1685 194 1766 qui
208 1685 237 1744 in
251 1684 326 1745 alios
340 1682 594 1745 animadvertisset
611 1680 725 1742 indicta
742 1701 844 1752 causa,
857 1679 977 1742 dicendi
994 1687 1090 1762 potes·
1104 1675 1254 1729 PlutetDto.

143 1791 236 1842 tutem
256 1781 320 1842 lieri
340 1801 398 1841 non
420 1779 571 1861 oportere'
590 1778 756 1839 dictitans:.
771 1778 975 1841 tautummodo
990 1780 1093 1859 jurare

143 1879 285 1960 permisit.
326 1877 402 1938 Τιιιιι
417 1876 536 1947 Cicero,
549 1883 583 1936 ut
595 1875 773 1936 insultaret³
792 1875 976 1937 inimicorum
994 1877 1093 1957 pravi·
1121 1873 1175 1925 cic.
1185 1874 1216 1922 *ἆ
1334 1884 1338 1892 “

142 1979 212 2050 tati,
226 1985 284 2038 lion
296 1975 415 2036 solenne
426 1975 628 2054 magistratum
640 1973 818 2052 ejurantium
830 1993 961 2053 carmen,
974 1972 1027 2033 sed
1035 1973 1094 2035 hoc
1104 1939 1210 2054 iffi*
1220 1945 1247 1987 et

144 2093 252 2154 magna
265 2094 337 2134 voce
352 2073 477 2152 jurarit,
490 2080 499 2109 ⁴
511 2071 722 2152 rempublicam
736 2079 826 2150 atque
839 2069 972 2132 Romam
990 2072 1093 2132 urbem

144 2191 199 2232 sua
212 2173 297 2231 unius
309 2183 475 2251 opera-esse
488 2168 624 2230 salvam!
666 2167 736 2231 Nec
750 2167 949 2232 indelectatus
960 2189 997 2230 ea
1007 2169 1093 2232 calli-

144 2268 238 2330 ditate
251 2268 389 2351 populus,
403 2285 511 2346 magna
523 2287 598 2327 voce
611 2275 642 2326 et
663 2267 726 2348 ipse
734 2267 861 2345 juravit,
882 2275 892 2304 ‘
903 2287 973 2328 vere
984 2267 1041 2329 hoc
1054 2269 1095 2330 ab
1107 2267 1166 2320 Dio.

144 2364 199 2426 illo
218 2369 352 2446 juratum
372 2365 456 2426 ease!
498 2363 546 2425 Ea
573 2383 620 2424 res
642 2361 827 2425 aduersarios
848 2365 914 2443 ejus
938 2365 1096 2426 momordit

144 2463 343 2534 vehementer,
357 2470 449 2543 utque
458 2481 490 2522 se
499 2462 595 2541 magis
606 2461 698 2522 etiam
709 2470 890 2522 contiacum
899 2462 1095 2536 intenderent,
1107 2465 1161 2518 cic.
1172 2463 1197 2514 in
1208 2462 1259 2514 Pis·

144 2558 318 2622 stimulavit.
353 2557 416 2645 Sed
430 2557 593 2630 Ciceronis,
606 2566 640 2619 ut
652 2558 715 2639 ipse
726 2556 835 2619 deinde
847 2558 876 2621 in
889 2567 992 2620 senatu
1006 2558 1097 2634 dixit,

146 2658 302 2719 isdomum
315 2657 373 2717 luit
392 2677 409 2715 e
431 2656 495 2716 loro
509 2656 632 2727 reditus,
646 2664 680 2715 ut
692 2675 790 2728 nemo,
804 2656 862 2717 nisi
878 2657 931 2737 qui
952 2676 1022 2718 cum
1044 2656 1097 2719 illo

145 2764 235 2826 esset,
246 2756 355 2816 civium
369 2774 432 2814 esse
443 2754 472 2813 in
486 2774 607 2815 numero
619 2751 778 2813 videretur.

188 2859 259 2913 108.
281 2850 351 2912 Nec
363 2870 434 2912 sane
448 2859 531 2911 tanto
543 2850 609 2911 viro
629 2850 735 2910 nimius
746 2848 850 2910 haberi
863 2850 957 2910 honor
970 2859 1097 2931 poterat,

144 2952 235 3028 cujus
252 2948 418 3009 consulatui
441 2944 555 3007 nullum
569 2946 661 3007 elium
684 2947 763 3007 omni
784 2947 926 3007 memoria
944 2945 1097 3008 conferen-

146 3048 220 3105 dum
240 3046 364 3126 reperio.
407 3042 491 3104 Nam
512 3044 603 3105 ceteri
624 3062 704 3124 saepe
721 3042 801 3105 domi
822 3042 933 3105 bellive
950 3046 1099 3125 egregiam

146 3162 267 3223 operam
280 3150 428 3203 naverunt
440 3140 622 3221 reipublicae,
642 3140 694 3201 sed
706 3142 821 3220 magnis
837 3140 1010 3222 plerumque
1023 3163 1098 3223 prae-

146 3239 231 3300 sidiis
253 3240 395 3299 instructi.
443 3238 508 3299 Hic
531 3238 588 3299 sibi
610 3238 758 3320 praecipue
784 3239 915 3310 innixus,
938 3238 1058 3319 adjutus
1080 3228 1127 3300 a'

148 3337 345 3423 paucissimis,
360 3344 549 3417 oppugnatus
569 3356 588 3397 a
607 3356 716 3415 magno
729 3335 988 3397 audacissimorum
999 3310 1098 3399 lromi·

148 3452 220 3494 num
234 3435 361 3513 agmine,
369 3442 400 3493 et
412 3433 510 3494 adhuc
523 3432 649 3514 amplius
658 3432 784 3493 letantes
791 3432 974 3494 adversarios
981 3435 1099 3508 timens,

149 3530 360 3592 atrocissimam
374 3540 442 3613 post
452 3530 585 3591 homines
601 3540 686 3591 natos
699 3529 945 3612 vaferrimamque
962 3534 1098 3611 conjura·

149 3631 260 3690 tionem
283 3631 359 3690 eruit
377 3629 531 3701 industria,
545 3628 715 3692 debilitavit
735 3630 888 3703 secundia,
901 3632 1010 3692 virtute
1029 3650 1099 3692 cou-

149 3714 319 3807 stantiaqde
331 3727 471 3808 singulari
483 3728 644 3808 superavit.
684 3800 685 3805 η
782 3743 786 3752 ’

374 3933 390 3978 s
408 3928 442 3978 Et
454 3928 479 3979 in
491 3926 554 3979 edd.
565 3936 627 3981 sote
638 3929 715 3981 Creu.
727 3926 859 3979 inseritur.
