3300 5225
347 575 452 625 urant
481 571 641 624 nxxxrr.
664 537 991 624 surranuaurou.
1155 548 1247 622 4619

128 739 249 781 manum
273 717 406 780 hostibus
425 737 457 778 se
478 717 653 798 oincerent.
705 715 745 776 ld
766 715 854 776 enim.
868 715 909 776 ob
929 733 1081 775 numerum

127 820 335 887 barbarorum,
347 825 379 876 et
391 815 463 896 quia
472 807 605 898 equitum
617 805 754 894 levisque
762 822 918 874 armatruae
929 812 1082 894 copiosam

127 933 250 976 manum
260 913 460 982 ostentabant,
472 911 602 971 futurum
616 910 745 978 rebatur.

170 1017 220 1072 12.
243 1009 362 1070 Ericius
382 1028 451 1069 cum
475 1008 679 1069 Homoloicbo
698 1016 730 1067 et
746 1005 943 1070 Anaxidamo
959 1004 1082 1066 Chero-

128 1109 279 1179 nensibus‚
299 1115 334 1166 ut
345 1106 464 1168 occulto
476 1105 554 1166 calle
575 1105 605 1164 in
623 1104 768 1173 Thurium
781 1103 951 1176 evaderent,
966 1103 1082 1174 missus,

126 1192 257 1265 ducibus
276 1203 336 1264 illis
356 1223 396 1263 ex
416 1203 575 1283 improviso
594 1203 691 1281 regios
706 1201 842 1282 perculit.
881 1199 992 1261 Totum
1004 1199 1084 1258 enim

128 1301 336 1362 Romanorum
360 1301 523 1360 exercitum
548 1299 650 1360 adesse
673 1300 729 1360 ruti
756 1318 808 1379 per
835 1299 916 1359 invia
930 1297 1084 1378 ‚praecipiti

126 1402 234 1460 timore
257 1397 436 1474 terebantur,
457 1398 575 1478 suisque
595 1397 649 1478 ipsi
667 1397 800 1456 armisse
813 1394 987 1457 induebant.
1028 1393 1084 1453 Ad
1145 1454 1148 1461 ,

127 1497 187 1556 tris
214 1494 311 1556 millia
332 1494 486 1565 bominum
504 1494 546 1553 ibi
571 1493 713 1554 cecidisse
738 1493 907 1554 creduntur.
948 1489 1084 1570 Reliqua

127 1592 290 1654 multitudo
298 1591 404 1674 partim
415 1591 444 1650 iu
453 1589 633 1660 Muranum,
647 1591 790 1650 instructa
793 1592 860 1669 jam
867 1589 933 1650 acie
942 1595 1082 1657 amntem,

128 1688 255 1759 incidit;
276 1689 384 1770 purtim
410 1687 449 1748 ad
470 1686 615 1748 Archelai
636 1695 734 1748 cestra
753 1686 866 1758 delata,
887 1685 1021 1746 turbavit
1039 1686 1083 1744 in·

127 1787 306 1850 struentium
327 1785 446 1846 ordines
467 1784 670 1857 sedulitatem,¹
693 1795 783 1866 atque
805 1782 905 1845 omnis
925 1791 1036 1843 terrore
1053 1789 1092 1842 et·

130 1885 264 1946 tumultu
277 1883 453 1965 permiscuit.
690 1887 692 1892 '

171 1987 224 2042 1³.
247 1980 322 2040 Sero
339 1989 401 2040 tum
414 1977 594 2052 Archelaus,
616 2000 707 2061 quam
730 1981 864 2060 iniquum
885 1978 1035 2040 inlocum
1054 1997 1087 2038 ss

128 2079 321 2160 conjecisset,
333 2074 491 2137 intellexit.
524 2076 685 2158 Equitibus
696 2079 784 2157 igitur
795 2076 929 2138 celeriter
938 2076 1089 2146 immissis,-
1117 2119 1122 2136 .

130 2176 310 2246 inferentem
317 2175 385 2254 jam
395 2173 479 2251 signa
489 2172 607 2255 Syllam
616 2193 798 2235 summovere
809 2181 934 2234 conatus
942 2181 996 2235 est.
1025 2170 1088 2232 Sed

129 2273 211 2355 pulsi
232 2273 264 2333 in
285 2272 410 2354 abrupta
430 2271 545 2352 equites
564 2291 668 2353 parum
689 2282 741 2333 aut
758 2271 892 2333 hostibus
912 2289 1013 2351 morae,
1026 2275 1089 2329 aut
1100 2264 1209 2332 dorim-
1410 2257 1415 2271 ¹

129 2372 192 2432 suis
215 2369 344 2452 presidii
362 2370 532 2430 attulerunt.
576 2367 689 2430 lterum
706 2369 745 2430 ad
762 2367 1008 2453 perrumpendum
1021 2364 1088 2426 Ro-

132 2487 290 2529 manmum
319 2467 414 2527 aciem
440 2465 598 2544 sexaginta
621 2485 722 2526 eunus
746 2466 850 2528 falcati
876 2471 1090 2546 processerunt·
1236 2528 1238 2536 ,

131 2565 197 2626 Sed
211 2563 352 2646 quoniam
359 2565 443 2643 justo
455 2561 562 2646 spatio,
583 2561 664 2643 quod
683 2565 811 2625 maxime
824 2560 1009 2624 concitandis
1020 2579 1088 2622 cum
1100 2573 1167 2625 Pisa
1220 2604 1224 2614 ·

130 2663 245 2743 impetu
270 2660 420 2741 quadrigis
441 2660 636 2721 necessarium
657 2668 713 2734 est,
736 2660 986 2729 destituebantur;
1008 2657 1090 2719 lente

131 2760 270 2818 invectos
285 2756 430 2828 Romani,
443 2755 572 2817 diductis
584 2754 738 2817 ordinibus
757 2777 824 2817 cum
840 2756 958 2838 plausu,
978 2764 1011 2817 et
1022 2764 1089 2816 tun-

130 2876 228 2937 quam
253 2855 284 2915 iu
305 2852 438 2915 circensi
464 2853 580 2915 ludicro
604 2852 679 2915 alios
704 2854 899 2935 postulantes,
924 2854 987 2915 sine
1009 2872 1091 2915 noxa

130 2952 379 3013 transnriseruut:
401 2952 452 3012 ubl
469 2950 541 3011 dum
561 2950 673 3012 baerent
692 2951 773 3013 baud
796 2952 881 3013 molli
904 2950 945 3014 ad
968 2972 1090 3014 conver-

131 3049 260 3110 tendum
283 3047 373 3120 flexu,
396 3049 467 3130 equi
492 3056 524 3109 et
548 3048 658 3129 aurigoe
681 3069 700 3110 a
725 3050 864 3111 subsidiis
886 3051 1092 3112 Romanorum

129 3149 259 3227 impune
271 3156 339 3206 sunt
350 3146 418 3207 telis
434 3146 542 3207 obruti.
585 3144 637 3207 Sic
647 3167 766 3229 quoque
779 3149 925 3228 integrum
938 3147 1092 3209 Archelao
1102 3160 1211 3229 Appius.

128 3252 212 3313 erat,
236 3251 397 3303 castrorum
418 3242 628 3304 munitionibus
648 3264 680 3305 se
700 3246 787 3315 mart
807 3254 840 3306 et
857 3245 1032 3306 mrbeuntem
1051 3242 1092 3305 ad

128 3338 282 3422 impedita
295 3338 411 3421 Syllam
421 3360 486 3421 pm
498 3337 631 3401 locorum
643 3340 746 3403 fraude
760 3341 920 3403 involvere.
955 3341 1018 3403 Sed
1027 3340 1092 3414 ille,

128 3456 327 3517 quacumque
350 3434 469 3497 tandem
486 3435 578 3497 cansa
598 3438 732 3514 (namet
752 3446 814 3498 mm
837 3446 870 3499 et
889 3446 994 3520 postea
1010 3439 1093 3501 varis

128 3536 308 3595 dubitatum
318 3542 363 3594 est
372 3534 396 3609 ¹)
416 3532 541 3594 educere
554 3554 623 3595 suos
635 3533 759 3607 maluit·
768 3544 810 3606 et,
823 3535 965 3616 quoniam
976 3537 1007 3597 in
1025 3557 1092 3619 pro·

128 3633 252 3713 pinque
258 3630 326 3710 jam
341 3629 478 3690 Murena
489 3637 565 3700 erat,
578 3630 775 3711 constipatam
788 3632 818 3691 in
831 3634 974 3712 angintiis
991 3634 1092 3695 multi-

127 3727 274 3789 tudinem
286 3724 425 3801 confertis
437 3725 589 3786 ordinibus
601 3745 758 3806 opponere.

174 3830 233 3885 14.
256 3820 438 3889 Quindecim
455 3842 605 3883 servorum
623 3822 727 3895 millia,
748 3824 799 3905 qui
819 3823 860 3886 ad
873 3828 1044 3908 promissam
1056 3830 1171 3897 limus.

127 3920 288 3981 bertstem
299 3918 387 3996 regiis
399 3918 531 4000 partibus
539 3938 571 3979 se
581 3917 790 3999 adjunxerant,
802 3920 833 3981 in
846 3920 941 3983 fronte
953 3926 1095 4005 porrectis

127 4017 233 4079 bustis
259 4016 389 4076 stabant
442 4014 575 4079 Romani
601 4014 773 4078 Saturnalia
796 4017 861 4080 bec
885 4040 948 4081 ess
972 4023 1094 4085 concla-

146 4248 177 4321 ι·
189 4237 597 4314 Nmettssuatpmtemrieds·
637 4238 759 4319 editionis
780 4242 950 4321 (beneventis,
969 4246 1093 4313 quicquid

125 4301 597 4447 matutinatus
636 4312 1093 4449 teneraetenerae:

127 4436 165 4488 sd
188 4446 294 4485 annun
311 4432 400 4487 mundi
415 4437 489 4485 ⁸⁹1⁰.
501 4450 526 4500 p.
538 4439 596 4488 ³⁷4.
637 4434 848 4503 efficerepossrt.
867 4440 938 4490 cm.
