3300 5225
417 526 508 595 4⁵16

419 696 495 747 Diod.

902 543 937 592 'l'-
960 540 1055 591 mvn

582 687 709 748 obruat.'
759 684 962 757 Mithridates,
990 706 1022 747 re
1051 704 1120 747 cum
1145 684 1205 745 suis
1230 682 1406 756 deliberata,
1436 686 1539 747 nescio

583 783 733 865 quomodo
745 783 866 844 minoris
878 802 969 863 qnam
988 802 1042 864 pro
1064 780 1211 843 Italorum
1223 782 1433 863 expectatione
1446 802 1539 861 nego-

582 881 658 941 tium
675 878 751 941 illud
769 878 892 949 faciens,
914 888 1093 941 ‘venturum
1112 900 1145 941 se
1165 880 1195 941 in
1214 877 1354 941 Italiam'
1372 878 1539 960 respondit,

584 987 594 1017 ⁴
608 976 696 1038 simul
709 984 800 1056 atque
810 975 919 1037 Asiam
934 976 1115 1055 subegimet'

530 1122 535 1133 .
625 1080 677 1133 bo.
707 1070 809 1134 Credo
831 1072 1023 1153 longinquam
1044 1070 1174 1133 edomo
1198 1070 1335 1131 militiam
1357 1070 1540 1133 laboriosam

585 1168 673 1232 simul
690 1176 780 1249 atque
795 1176 976 1229 summosam
989 1168 1051 1229 lore
1071 1175 1179 1239 ratum,
1198 1166 1296 1228 adhuc
1315 1168 1480 1228 ricinonrm
1492 1189 1540 1229 eo-

584 1268 681 1327 ciatas
692 1264 841 1326 Romanis
852 1266 930 1326 vires
942 1265 1149 1347 perhorruisse,
1160 1284 1209 1335 ne,
1219 1264 1290 1323 dum
1301 1266 1418 1345 appetit
1428 1264 1540 1337 aliena,

585 1383 639 1424 auo
653 1381 744 1441 regno
754 1361 942 1443 spoliaretur.
972 1359 1083 1441 Neque
1092 1359 1216 1439 Tigrani
1225 1360 1297 1421 satis
1306 1370 1423 1442 poterat
1436 1360 1540 1433 fidere,

586 1469 620 1519 nt
631 1467 782 1541 mspootos
793 1458 924 1519 maxime
938 1477 1024 1539 pares
1036 1457 1147 1518 habent
1156 1456 1325 1537 quicunque
1337 1457 1464 1537 cupiunt
1476 1458 1540 1537 opi-

492 1564 497 1573 “
586 1556 642 1615 bus
666 1554 832 1615 excellere:
864 1556 1090 1635 verebaturque,
1115 1574 1153 1613 no
1178 1552 1230 1613 ille
1262 1551 1435 1633 perdomitis
1461 1554 1542 1625 aliis,

586 1671 683 1732 neque
700 1651 846 1722 Pontum,
864 1652 890 1711 si
908 1649 1026 1713 daretur
1043 1650 1173 1721 occano,
1191 1658 1347 1731 sperneret.
1393 1649 1541 1711 Terreba-

586 1758 636 1809 tur
651 1757 682 1808 et
699 1747 812 1828 Pyrrhi
829 1746 1073 1827 Hannibalisque
1088 1746 1185 1817 exitu,
1201 1765 1336 1827 quorum,
1352 1746 1423 1807 licet
1441 1767 1460 1807 a
1478 1747 1542 1828 ple·

588 1845 687 1925 risque
708 1843 810 1905 Italia
830 1845 968 1923 gentibue
988 1844 1209 1923 adjuvarentur,
1227 1843 1257 1903 in
1276 1842 1375 1903 alieno
1393 1842 1460 1904 solo
1477 1843 1542 1907 bel-

588 1940 713 2001 lantium
729 1941 791 2001 cito
808 1940 995 2001 consenuerit
1009 1940 1167 2011 exercitus,
1183 1936 1362 2013 difficilibus,
1376 1940 1448 2001 licet
1461 1940 1543 2001 haud

589 2058 609 2098 a
623 2036 756 2097 maximo
772 2036 941 2110 intervallo,
957 2035 1177 2122 supplementis.

629 2139 680 2195 21.
703 2132 784 2195 Hac
796 2135 897 2194 omnia
908 2134 995 2194 vitari
1009 2154 1094 2215 posse
1112 2132 1243 2195 maximo
1256 2154 1324 2193 cnm
1344 2131 1545 2197 emolumento

588 2230 738 2311 sperabat,
755 2231 781 2289 si
799 2230 928 2291 vicinam
955 2231 1012 2290 sibi
1039 2230 1149 2291 Asiam
1172 2238 1341 2311 occuparet.
1384 2230 1463 2291 Eam
1482 2252 1545 2292 rem

589 2347 708 2408 qnoque
736 2326 883 2388 facturam
905 2327 1019 2387 animos
1037 2325 1155 2387 Italicis
1176 2327 1280 2387 sociis:
1302 2336 1392 2407 atque
1413 2328 1459 2387 ita
1477 2328 1546 2387 diu-

590 2433 679 2485 turno
698 2422 779 2485 bello
795 2424 882 2483 atteri
902 2442 986 2504 posse
1003 2422 1102 2483 Italia
1120 2423 1207 2493 vires,
1225 2432 1260 2483 ut
1276 2443 1384 2504 neque,
1402 2424 1426 2482 si
1445 2444 1546 2484 rursus

591 2520 818 2598 conjungantur,
831 2517 919 2581 valde
932 2521 993 2580 sint
1010 2520 1068 2579 sibi
1087 2519 1195 2580 futurae
1207 2519 1419 2580 formidabiles.
1462 2519 1546 2580 Sane

592 2617 718 2695 coneilio
729 2619 799 2678 hnic
811 2618 927 2689 institit,
951 2637 1120 2698 quenquam
1143 2618 1242 2678 omnia
1259 2617 1352 2696 legati
1370 2617 1546 2698 polliceren-

593 2722 652 2786 tur,
667 2723 699 2775 et
715 2724 755 2773 ‘re
769 2714 872 2776 Ponto
889 2714 1010 2775 facilem
1028 2715 1058 2775 iu
1076 2713 1234 2774 Thraciam
1250 2715 1425 2792 trajectum’
1447 2723 1546 2774 osten·

592 2808 712 2871 dereut:
735 2809 890 2872 ‘Thraces
901 2819 1034 2892 porroet
1049 2812 1129 2892 ipsos
1145 2810 1256 2870 bellum
1271 2811 1418 2872 Romanis
1434 2810 1546 2872 lacere.

594 2905 715 2968 Horum
730 2927 787 2989 ope
807 2928 859 2989 per
878 2906 1087 2970 Macedoniam
1107 2917 1140 2968 et
1159 2909 1272 2969 vicinas
1291 2909 1424 2988 regiones
1444 2911 1548 2989 paucis

592 3005 697 3065 diebus
720 3004 760 3064 ad
782 3003 902 3066 Ionium
925 3026 1005 3066 mare
1028 3006 1176 3088 penetrari
1203 3007 1309 3086 posse!
1359 3003 1473 3086 Neque
1496 3004 1546 3066 diu

592 3110 730 3161 conlatus
740 3102 905 3162 exercitum
918 3102 1068 3174 conducit,
1082 3102 1323 3163 Ariobarzanem
1342 3122 1378 3163 ac
1400 3102 1547 3162 Nicome-

578 3196 661 3258 -dem
683 3218 778 3276 reges,
807 3198 931 3258 alterurn
953 3197 1161 3280 Cappadocia,
1181 3198 1305 3260 alterum
1328 3200 1473 3279 Bithynia
1493 3221 1546 3260 ex-

594 3304 722 3355 acturus.
765 3293 827 3355 Sed
840 3304 999 3377 antequam
1013 3298 1070 3358 hoc
1082 3295 1196 3357 bellum
1209 3305 1385 3377 exponatur,
1404 3317 1465 3376 qno
1483 3318 1548 3377 reg-

594 3411 635 3450 na
647 3391 704 3451 ista
718 3393 799 3470 jure,
813 3393 921 3471 quibus
934 3391 1042 3454 finibus
1058 3401 1122 3453 turn
1135 3391 1255 3466 suerint,
1268 3413 1400 3474 quasque
1413 3396 1548 3454 natiom

595 3491 740 3570 urbesque
763 3489 921 3550 habuerint
937 3491 1121 3570 insigniores,
1138 3493 1265 3551 enarrari
1283 3493 1403 3572 operae²
1421 3494 1548 3572 pretium

595 3588 685 3646 suerit
704 3586 912 3648 Mithridatico
932 3588 1013 3648 b'ella
1034 3589 1165 3660 lecturis,
1184 3609 1251 3669 quae
1269 3589 1349 3649 haud
1370 3599 1548 3670 postremam

595 3683 724 3744 historia
752 3681 901 3744 Romana
930 3694 1055 3766 partem,
1085 3682 1165 3745 illius
1195 3685 1315 3765 quidem
1341 3687 1408 3758 aevi,
1438 3687 1548 3748 consti·

596 3788 695 3840 tuunt.

636 3882 688 3936 22.
709 3876 865 3956 Quicquid
886 3883 1029 3936 terrarum
1047 3875 1137 3956 longo
1154 3885 1251 3938 tractu
1269 3877 1345 3937 inter
1366 3856 1547 3940 Heracleam

597 3982 629 4034 et
639 3971 859 4055 Trapezuntem
881 3969 996 4033 nobiles
1017 3974 1106 4035 urbes
1127 3973 1240 4034 Euxini
1256 3972 1395 4035 fluctibus
1416 3975 1547 4047 alluitur,

597 4070 638 4130 ab
659 4089 696 4130 eo
713 4070 787 4130 mari
808 4068 1040 4150 appellationem
1064 4069 1145 4151 apud
1163 4079 1278 4130 veteres
1298 4080 1417 4131 nactum
1439 4081 1496 4144 est,
1518 4081 1550 4132 ut

598 4165 717 4227 Pontus
737 4175 902 4228 vocaretur.
953 4165 1084 4248 Propius
1106 4165 1289 4228 Heracleam
1309 4167 1461 4249 Bithynia
1479 4189 1547 4229 con-

777 4403 794 4450 2
808 4399 843 4450 τὸ
852 4415 929 4466 opera
940 4399 1105 4453 derideretur
1116 4402 1142 4452 in
1152 4400 1212 4454 cdd.
1225 4409 1287 4452 ante
1298 4400 1377 4452 Crer.
