3300 5225
388 587 491 636 LIBRI
519 584 684 636 cxxxii.
707 587 1036 640 SUPPLBHBNTUH·

143 682 348 791 studiosiores
391 728 430 789 Id
441 730 579 810 quemvis
589 750 691 792 verum
704 749 768 792 esse
782 731 820 793 de
835 732 970 792 universe
978 732 1103 792 civitate

1098 521 1106 530 ’
1180 567 1269 640 nit

145 848 206 888 non
217 837 313 908 putet,
335 827 442 888 multoe
455 837 555 888 temen
568 849 604 888 oo
616 829 739 888 crimine
752 831 858 900 teneri,
870 827 1103 910 haudquaquam
1178 862 1182 870 ·

144 925 319 1006 mbiguum
329 945 404 987 esse.
446 924 577 986 Veniam
588 934 687 987 temen
700 925 840 987 deturum
852 946 935 987 orme
947 935 981 987 et
993 927 1103 988 liberos

144 1023 313 1104 principum
325 1022 443 1084 obsides
460 1023 621 1088 traditoris.
663 1023 703 1084 Id
718 1023 792 1085 odeo
807 1024 884 1103 regis
900 1023 996 1084 muito
1007 1025 1104 1084 minus

142 1141 240 1199 quam
254 1119 398 1181 Chiorum
415 1123 573 1182 interese:
595 1141 692 1202 neque
706 1121 761 1194 iili,
776 1140 867 1202 quem
879 1121 1005 1193 cirittti,
1018 1129 1104 1182 tento

142 1216 218 1277 odio
230 1238 294 1278 esse
307 1216 426 1290 debere,
447 1219 500 1298 qui
514 1239 560 1278 ree
573 1239 667 1280 nores
679 1219 848 1280 molientur.
889 1219 1013 1300 Quippe
1023 1217 1104 1278 illiue

142 1333 193 1374 res
207 1313 374 1376 deiectione
388 1315 532 1376 Chiorum
543 1335 602 1377 non
616 1317 710 1378 multo
723 1304 885 1379 deteriores
896 1315 979 1377 iore:
995 1323 1038 1386 st,
1049 1315 1103 1395 qui

142 1409 233 1471 chin
257 1431 355 1493 regem
378 1414 581 1485 inconcilient,
600 1423 713 1474 oenum
736 1415 843 1495 petrin
863 1433 925 1474 sum
948 1412 1102 1474 excidium

142 1507 293 1572 mediteri.
335 1509 420 1571 Nom
438 1521 469 1572 et
481 1511 607 1573 insulem
623 1519 715 1572 tontae
726 1513 804 1592 regis
816 1511 956 1593 potentie
969 1511 1102 1570 resistere

142 1626 206 1668 non
216 1627 320 1689 posse:
336 1617 377 1681 et,
391 1628 562 1690 quenquam
573 1611 603 1670 in
619 1609 737 1670 Boeotie
749 1611 845 1670 victor
854 1607 943 1690 Syllo
956 1608 1101 1678 extiterit,

142 1723 206 1764 non
219 1705 309 1766 modo
328 1725 396 1766 cum
417 1705 484 1765 eliis
504 1706 685 1767 exercitibus
707 1705 904 1777 Mithridatis,
923 1705 1033 1786 quibus
1048 1721 1101 1764 rex

142 1801 289 1874 abundet,
302 1801 355 1862 sed
367 1803 458 1862 etiem
470 1823 539 1864 cum
556 1803 674 1864 civibus
690 1805 752 1864 suis
768 1803 990 1864 dimicaturum.
1031 1801 1103 1862 Jom

143 1899 174 1958 in
189 1897 343 1958 Graeciem
352 1899 566 1960 transcendime
580 1900 615 1960 L.
629 1899 788 1960 Valerium
806 1899 968 1972 consulem,
987 1897 1102 1959 Merin-

143 2014 251 2055 nerum
264 1993 394 2076 portium
406 1997 514 2056 rirum.
557 1995 668 2077 Neque
681 1996 809 2058 dubitari
822 2001 832 2030 ¹
852 2017 949 2078 porse,
967 1996 1040 2075 quin
1060 1994 1103 2054 ibi

142 2091 279 2152 locorum
292 2091 398 2153 eodem
410 2093 469 2153 sint
481 2095 642 2154 exereituri
655 2094 736 2168 odis,
747 2113 816 2178 qum
828 2093 910 2155 domi
922 2094 996 2154 etin
1009 2092 1104 2154 Itolie

141 2189 364 2252 ostendissent?

183 2293 237 2348 42.
260 2284 343 2368 ciii,
363 2295 521 2368 postquem
540 2286 604 2348 brec
622 2286 809 2358 audiverunt,
828 2285 897 2346 binc
916 2287 1102 2360 neeessitete,

143 2384 216 2446 inde
234 2405 288 2466 spe
309 2383 440 2464 impulsi,
457 2383 593 2444 iecerunt
604 2385 759 2465 imperate.
798 2382 920 2444 Idcirco
938 2383 1101 2458 Zenobius,
1184 2433 1187 2438 .

143 2479 296 2562 Erythms
307 2481 396 2540 misso
409 2481 490 2561 quod
508 2490 574 2542 eret
591 2481 743 2554 trnditum,
756 2489 915 2562 expectere
928 2479 1023 2540 Chios
1034 2479 1102 2540 iite-
1135 2524 1139 2531 x

142 2579 409 2659 rssregiesjussit:
424 2597 527 2660 eaeque
540 2577 631 2661 poulo
643 2587 711 2663 post
723 2579 882 2652 affuerunt,
897 2579 929 2639 in
941 2577 1019 2640 benc
1034 2597 1101 2640 sen·

141 2678 273 2737 tentiam
283 2676 411 2757 scriptae.

183 2780 236 2835 43.
259 2782 269 2811 ‘
284 2772 378 2835 Nunc
391 2793 510 2853 quoque
532 2772 739 2835 Romanorum
752 2772 958 2835 fautoreeerre
970 2773 1101 2855 pergitis,

141 2890 271 2951 quorum
282 2870 380 2931 edbuc
399 2891 458 2932 non
476 2871 565 2953 peuci
583 2872 614 2931 iu
634 2880 735 2934 restro
751 2873 825 2932 urbe
843 2870 972 2950 degum:
986 2869 1103 2953 predic

142 2988 266 3050 quoque
284 2988 386 3029 eorum
401 2970 559 3040 exercetis,
578 2988 673 3049 neque
685 2968 815 3049 vectigal
835 2967 922 3029 nobis
934 2988 1036 3029 eorum
1049 2987 1101 3029 no·
1166 2966 1172 2975 ’

141 3066 224 3127 minc
237 3066 377 3147 penditis.
418 3066 471 3137 Et,
487 3084 594 3127 nerem
612 3066 733 3148 quidem
750 3086 848 3127 meam
865 3065 995 3149 impulsu
1014 3065 1101 3125 trire-

142 3165 201 3227 mis
225 3171 333 3225 vestre
355 3162 567 3245 propemodum
584 3162 759 3236 demersam,
781 3163 880 3244 culpe
901 3162 1103 3242 gubernatoris

142 3264 252 3323 ascribi
275 3261 366 3323 focile
387 3274 522 3343 peterem
536 3262 593 3321 nisi
609 3270 721 3323 vestros
739 3261 852 3322 animos
868 3261 948 3322 clem
961 3260 1041 3321 mirsi
1060 3258 1101 3321 ed

143 3360 264 3443 Syilnm
276 3360 435 3441 optimates
447 3367 623 3439 arguerent:
638 3358 718 3440 quod
731 3360 755 3419 si
769 3358 893 3440 publico
905 3356 1030 3419 consilio
1041 3376 1100 3417 non

141 3466 222 3518 esset
239 3465 365 3537 gestum,
384 3458 520 3517 nuntiare
539 3474 603 3528 ros,
622 3464 653 3517 et
670 3455 778 3516 deletis
791 3474 907 3517 reorum
923 3454 1100 3526 nominibus,

141 3556 314 3637 susspicione
337 3554 462 3615 liberere
485 3554 638 3615 civitatem
657 3554 799 3635 oportuit.
842 3550 910 3612 Vos
927 3551 1027 3630 igitir,
1040 3568 1100 3610 non

141 3652 268 3735 imperio
292 3658 408 3714 tantum
427 3672 505 3724 meo,
526 3650 689 3711 sedetiam
709 3650 810 3723 soluti,
825 3648 990 3720 insidiatos,
1003 3666 1101 3730 quon·

141 3770 234 3830 quom
246 3750 287 3811 de
300 3750 447 3810 sententie
459 3750 620 3810 amicorum
632 3747 780 3829 supplicio
797 3746 914 3809 efficere
926 3746 1099 3820 debueram,

142 3846 261 3909 duobus
273 3846 452 3925 talentorum
465 3846 617 3907 millibus‘
626 3845 770 3907 mulctare
783 3845 885 3906 melo?

184 3952 237 4005 44.
249 3944 389 4026 Trepidis
402 3944 441 4005 od
455 3945 532 4017 haeo,
545 3950 587 4017 et,
600 3951 635 4004 ut
647 3943 686 4004 ed
700 3962 799 4023 regem
812 3942 926 4023 legatos
935 3940 1050 4002 mittero
1062 3937 1099 3998 ri·

143 4051 215 4103 ceet
229 4043 393 4118 orantibus,
411 4062 481 4103 cum
498 4049 671 4121 negeturne
687 4040 822 4103 Zenobio
836 4050 930 4110 moen
945 4058 1027 4101 orme
1037 4046 1098 4098 tro·

433 4213 447 4261 1
465 4208 586 4263 Dubitare
596 4206 658 4261 edd.
670 4214 732 4261 ente
744 4208 819 4261 Cirr.

527 4334 711 4359 nooeoueooo

171 4456 177 4487 ·.
196 4420 213 4457 “
223 4418 322 4473 Mt·
333 4420 476 4473 mmm
484 4420 600 4488 nuum]
617 4420 718 4473 Mortis
729 4420 833 4488 urenti
844 4422 961 4486 mm.
977 4419 1051 4471 cm.
