<?xml version="1.0" encoding="UTF-8"?>
<!DOCTYPE html PUBLIC "-//W3C//DTD XHTML 1.0 Transitional//EN"
    "http://www.w3.org/TR/xhtml1/DTD/xhtml1-transitional.dtd">
<html xmlns="http://www.w3.org/1999/xhtml" xml:lang="en" lang="en">
 <head>
  <title>
</title>
<meta http-equiv="Content-Type" content="text/html;charset=utf-8" />
  <meta name='ocr-system' content='tesseract 3.04.00' />
  <meta name='ocr-capabilities' content='ocr_page ocr_carea ocr_par ocr_line ocrx_word'/>
</head>
<body>
  <div class='ocr_page' id='page_1' title='image "./tliviipatavinih01rupegoog_0507.png"; bbox 0 0 3300 5225; ppageno 0'>
   <div class='ocr_carea' id='block_1_1' title="bbox 441 569 1274 642">
    <p class='ocr_par' dir='ltr' id='par_1_1' title="bbox 441 569 1274 642">
     <span class='ocr_line' id='line_1_1' title="bbox 441 569 1274 642; baseline -0.005 -2"><span class='ocrx_word' id='word_1_1' title='bbox 441 590 548 640; x_wconf 80' lang='lat' dir='ltr'><strong>nranr</strong></span> <span class='ocrx_word' id='word_1_2' title='bbox 573 590 639 641; x_wconf 85' lang='lat' dir='ltr'><strong>cn.</strong></span> <span class='ocrx_word' id='word_1_3' title='bbox 661 589 989 642; x_wconf 72' lang='lat' dir='ltr'><strong>surrnnnnrernsr.</strong></span> <span class='ocrx_word' id='word_1_4' title='bbox 1184 569 1274 636; x_wconf 74' lang='lat'><strong>4986</strong></span> 
     </span>
    </p>
   </div>
   <div class='ocr_carea' id='block_1_2' title="bbox 81 730 1295 2960">
    <p class='ocr_par' dir='ltr' id='par_1_2' title="bbox 150 730 1109 916">
     <span class='ocr_line' id='line_1_2' title="bbox 150 730 1109 817; baseline 0 -24"><span class='ocrx_word' id='word_1_5' title='bbox 150 731 251 796; x_wconf 80' lang='lat' dir='ltr'><strong>decim</strong></span> <span class='ocrx_word' id='word_1_6' title='bbox 264 733 385 817; x_wconf 83' lang='lat' dir='ltr'><strong>periisse</strong></span> <span class='ocrx_word' id='word_1_7' title='bbox 396 733 552 797; x_wconf 74' lang='lat' dir='ltr'><strong>dicuntur:</strong></span> <span class='ocrx_word' id='word_1_8' title='bbox 572 734 612 795; x_wconf 90' lang='lat' dir='ltr'><strong>de</strong></span> <span class='ocrx_word' id='word_1_9' title='bbox 622 733 769 796; x_wconf 80' lang='lat' dir='ltr'><strong>Romanis</strong></span> <span class='ocrx_word' id='word_1_10' title='bbox 777 733 888 817; x_wconf 85' lang='lat' dir='ltr'><strong>oppido</strong></span> <span class='ocrx_word' id='word_1_11' title='bbox 900 730 1006 816; x_wconf 79' lang='lat' dir='ltr'><strong>peucir</strong></span> <span class='ocrx_word' id='word_1_12' title='bbox 1026 750 1109 794; x_wconf 86' lang='lat' dir='ltr'><strong>ccm-</strong></span> 
     </span>
     <span class='ocr_line' id='line_1_3' title="bbox 150 831 614 916; baseline 0.002 -23"><span class='ocrx_word' id='word_1_13' title='bbox 150 831 252 916; x_wconf 83' lang='lat' dir='ltr'><strong>plnres</strong></span> <span class='ocrx_word' id='word_1_14' title='bbox 263 840 365 894; x_wconf 79' lang='lat' dir='ltr'><strong>tumen</strong></span> <span class='ocrx_word' id='word_1_15' title='bbox 376 831 448 894; x_wconf 84' lang='lat' dir='ltr'><strong>sunt</strong></span> <span class='ocrx_word' id='word_1_16' title='bbox 456 832 614 894; x_wconf 82' lang='lat' dir='ltr'><strong>vulnerati.</strong></span> 
     </span>
    </p>

    <p class='ocr_par' dir='ltr' id='par_1_3' title="bbox 81 929 1295 2960">
     <span class='ocr_line' id='line_1_4' title="bbox 191 929 1110 1012; baseline -0.002 -20"><span class='ocrx_word' id='word_1_17' title='bbox 191 937 244 992; x_wconf 85' lang='lat' dir='ltr'><strong>ac.</strong></span> <span class='ocrx_word' id='word_1_18' title='bbox 266 929 305 992; x_wconf 92' lang='lat' dir='ltr'><strong>In</strong></span> <span class='ocrx_word' id='word_1_19' title='bbox 318 951 356 992; x_wconf 85' lang='lat' dir='ltr'><strong>aa</strong></span> <span class='ocrx_word' id='word_1_20' title='bbox 366 930 539 993; x_wconf 71' lang='lat' dir='ltr'><strong>calamitate</strong></span> <span class='ocrx_word' id='word_1_21' title='bbox 553 930 670 992; x_wconf 81' lang='lat' dir='ltr'><strong>Judaeis</strong></span> <span class='ocrx_word' id='word_1_22' title='bbox 681 930 757 994; x_wconf 85' lang='lat' dir='ltr'>nihil</span> <span class='ocrx_word' id='word_1_23' title='bbox 774 931 913 992; x_wconf 83' lang='lat' dir='ltr'><strong>acerbius</strong></span> <span class='ocrx_word' id='word_1_24' title='bbox 930 929 999 1003; x_wconf 80' lang='lat' dir='ltr'><strong>ruit,</strong></span> <span class='ocrx_word' id='word_1_25' title='bbox 1018 949 1110 1012; x_wconf 84' lang='lat' dir='ltr'><strong>quam</strong></span> 
     </span>
     <span class='ocr_line' id='line_1_5' title="bbox 150 1027 1109 1111; baseline 0 -23"><span class='ocrx_word' id='word_1_26' title='bbox 150 1027 234 1109; x_wconf 84' lang='lat' dir='ltr'><strong>qaod</strong></span> <span class='ocrx_word' id='word_1_27' title='bbox 246 1027 391 1092; x_wconf 81' lang='lat' dir='ltr'><strong>inviolata</strong></span> <span class='ocrx_word' id='word_1_28' title='bbox 403 1027 442 1091; x_wconf 89' lang='lat' dir='ltr'><strong>ad</strong></span> <span class='ocrx_word' id='word_1_29' title='bbox 454 1049 521 1090; x_wconf 88' lang='lat' dir='ltr'><strong>eam</strong></span> <span class='ocrx_word' id='word_1_30' title='bbox 539 1028 620 1090; x_wconf 87' lang='lat' dir='ltr'><strong>diem</strong></span> <span class='ocrx_word' id='word_1_31' title='bbox 638 1027 702 1090; x_wconf 83' lang='lat' dir='ltr'><strong>lani</strong></span> <span class='ocrx_word' id='word_1_32' title='bbox 716 1047 836 1101; x_wconf 86' lang='lat' dir='ltr'><strong>arcana,</strong></span> <span class='ocrx_word' id='word_1_33' title='bbox 854 1027 971 1111; x_wconf 86' lang='lat' dir='ltr'><strong>solique</strong></span> <span class='ocrx_word' id='word_1_34' title='bbox 982 1027 1109 1110; x_wconf 75' lang='lat' dir='ltr'><strong>principi</strong></span> 
     </span>
     <span class='ocr_line' id='line_1_6' title="bbox 81 1122 1112 1208; baseline -0.002 -22"><span class='ocrx_word' id='word_1_35' title='bbox 81 1128 90 1134; x_wconf 84' lang='lat'>&#39;</span> <span class='ocrx_word' id='word_1_36' title='bbox 149 1123 350 1199; x_wconf 83' lang='lat' dir='ltr'><strong>sacerdotnm,</strong></span> <span class='ocrx_word' id='word_1_37' title='bbox 369 1145 426 1187; x_wconf 90' lang='lat' dir='ltr'><strong>nec</strong></span> <span class='ocrx_word' id='word_1_38' title='bbox 439 1127 496 1186; x_wconf 82' lang='lat' dir='ltr'><strong>nisi</strong></span> <span class='ocrx_word' id='word_1_39' title='bbox 508 1124 599 1186; x_wconf 89' lang='lat' dir='ltr'><strong>semel</strong></span> <span class='ocrx_word' id='word_1_40' title='bbox 612 1126 771 1208; x_wconf 85' lang='lat' dir='ltr'><strong>quotannis</strong></span> <span class='ocrx_word' id='word_1_41' title='bbox 783 1123 965 1206; x_wconf 89' lang='lat' dir='ltr'><strong>aspicienda,</strong></span> <span class='ocrx_word' id='word_1_42' title='bbox 976 1122 1112 1206; x_wconf 78' lang='lat' dir='ltr'><strong>prolenis</strong></span> 
     </span>
     <span class='ocr_line' id='line_1_7' title="bbox 150 1219 1110 1304; baseline -0.001 -21"><span class='ocrx_word' id='word_1_43' title='bbox 150 1221 321 1283; x_wconf 83' lang='lat' dir='ltr'><strong>hominibus</strong></span> <span class='ocrx_word' id='word_1_44' title='bbox 343 1219 512 1304; x_wconf 78' lang='lat' dir='ltr'><strong>petuenrnt</strong></span> <span class='ocrx_word' id='word_1_45' title='bbox 558 1221 620 1284; x_wconf 85' lang='lat' dir='ltr'><strong>Sed</strong></span> <span class='ocrx_word' id='word_1_46' title='bbox 640 1222 788 1304; x_wconf 72' lang='lat' dir='ltr'><strong>precipue</strong></span> <span class='ocrx_word' id='word_1_47' title='bbox 809 1220 959 1282; x_wconf 80' lang='lat' dir='ltr'><strong>Romania</strong></span> <span class='ocrx_word' id='word_1_48' title='bbox 979 1220 1110 1282; x_wconf 64' lang='lat' dir='ltr'><strong>admis-</strong></span> 
     </span>
     <span class='ocr_line' id='line_1_8' title="bbox 151 1315 1274 1399; baseline -0.002 -21"><span class='ocrx_word' id='word_1_49' title='bbox 151 1317 226 1378; x_wconf 85' lang='lat' dir='ltr'><strong>tioni</strong></span> <span class='ocrx_word' id='word_1_50' title='bbox 243 1317 313 1392; x_wconf 83' lang='lat' dir='ltr'><strong>fuit,</strong></span> <span class='ocrx_word' id='word_1_51' title='bbox 328 1318 414 1381; x_wconf 85' lang='lat' dir='ltr'><strong>nulla</strong></span> <span class='ocrx_word' id='word_1_52' title='bbox 429 1319 509 1380; x_wconf 87' lang='lat' dir='ltr'><strong>intus</strong></span> <span class='ocrx_word' id='word_1_53' title='bbox 523 1319 656 1380; x_wconf 78' lang='lat' dir='ltr'>Deorum</span> <span class='ocrx_word' id='word_1_54' title='bbox 672 1317 781 1399; x_wconf 73' lang='lat' dir='ltr'><strong>effigie,</strong></span> <span class='ocrx_word' id='word_1_55' title='bbox 798 1338 897 1379; x_wconf 77' lang='lat' dir='ltr'><strong>recca</strong></span> <span class='ocrx_word' id='word_1_56' title='bbox 913 1315 1019 1380; x_wconf 86' lang='lat' dir='ltr'><strong>sedes:</strong></span> <span class='ocrx_word' id='word_1_57' title='bbox 1039 1337 1109 1381; x_wconf 86' lang='lat' dir='ltr'><strong>cum</strong></span> <span class='ocrx_word' id='word_1_58' title='bbox 1121 1325 1205 1376; x_wconf 58' lang='lat' dir='ltr'><strong>fleu.</strong></span> <span class='ocrx_word' id='word_1_59' title='bbox 1215 1323 1274 1390; x_wconf 76' lang='lat' dir='ltr'><strong>Tyr.</strong></span> 
     </span>
     <span class='ocr_line' id='line_1_9' title="bbox 150 1390 1273 1497; baseline 0.001 -20"><span class='ocrx_word' id='word_1_60' title='bbox 150 1412 342 1478; x_wconf 68' lang='lat' dir='ltr'><strong>simulacrum</strong></span> <span class='ocrx_word' id='word_1_61' title='bbox 353 1415 489 1497; x_wconf 83' lang='lat' dir='ltr'><strong>aliquod,</strong></span> <span class='ocrx_word' id='word_1_62' title='bbox 503 1435 564 1476; x_wconf 88' lang='lat' dir='ltr'><strong>rem</strong></span> <span class='ocrx_word' id='word_1_63' title='bbox 577 1417 715 1496; x_wconf 79' lang='lat' dir='ltr'><strong>gentibus</strong></span> <span class='ocrx_word' id='word_1_64' title='bbox 725 1415 862 1478; x_wconf 88' lang='lat' dir='ltr'><strong>omnibns</strong></span> <span class='ocrx_word' id='word_1_65' title='bbox 872 1415 958 1476; x_wconf 80' lang='lat' dir='ltr'><strong>velut</strong></span> <span class='ocrx_word' id='word_1_66' title='bbox 967 1435 1110 1478; x_wconf 76' lang='lat' dir='ltr'><strong>consemu</strong></span> <span class='ocrx_word' id='word_1_67' title='bbox 1119 1390 1273 1444; x_wconf 52' lang='lat' dir='ltr'><strong>ww·</strong></span> 
     </span>
     <span class='ocr_line' id='line_1_10' title="bbox 149 1510 1111 1594; baseline 0.003 -22"><span class='ocrx_word' id='word_1_68' title='bbox 149 1519 313 1592; x_wconf 79' lang='lat' dir='ltr'><strong>receptam,</strong></span> <span class='ocrx_word' id='word_1_69' title='bbox 336 1521 512 1592; x_wconf 64' lang='lat' dir='ltr'><strong>quererent.</strong></span> <span class='ocrx_word' id='word_1_70' title='bbox 553 1511 633 1574; x_wconf 92' lang='lat' dir='ltr'><strong>Inde</strong></span> <span class='ocrx_word' id='word_1_71' title='bbox 654 1510 812 1594; x_wconf 76' lang='lat' dir='ltr'><strong>multiplex</strong></span> <span class='ocrx_word' id='word_1_72' title='bbox 831 1511 871 1573; x_wconf 87' lang='lat' dir='ltr'><strong>de</strong></span> <span class='ocrx_word' id='word_1_73' title='bbox 883 1511 1022 1574; x_wconf 85' lang='lat' dir='ltr'><strong>Judaicis</strong></span> <span class='ocrx_word' id='word_1_74' title='bbox 1039 1512 1111 1574; x_wconf 91' lang='lat' dir='ltr'><strong>reli·</strong></span> 
     </span>
     <span class='ocr_line' id='line_1_11' title="bbox 150 1607 1110 1692; baseline 0.005 -25"><span class='ocrx_word' id='word_1_75' title='bbox 150 1607 473 1690; x_wconf 73' lang='lat' dir='ltr'><strong>gicnibusopinicnnm</strong></span> <span class='ocrx_word' id='word_1_76' title='bbox 484 1629 564 1671; x_wconf 83' lang='lat' dir='ltr'><strong>errnr</strong></span> <span class='ocrx_word' id='word_1_77' title='bbox 577 1607 657 1691; x_wconf 75' lang='lat' dir='ltr'><strong>apud</strong></span> <span class='ocrx_word' id='word_1_78' title='bbox 670 1617 773 1690; x_wconf 76' lang='lat' dir='ltr'><strong>gentes</strong></span> <span class='ocrx_word' id='word_1_79' title='bbox 787 1607 923 1682; x_wconf 84' lang='lat' dir='ltr'><strong>inclevit,</strong></span> <span class='ocrx_word' id='word_1_80' title='bbox 940 1618 1003 1671; x_wconf 84' lang='lat' dir='ltr'><strong>tam</strong></span> <span class='ocrx_word' id='word_1_81' title='bbox 1019 1611 1110 1692; x_wconf 88' lang='lat' dir='ltr'><strong>perti-</strong></span> 
     </span>
     <span class='ocr_line' id='line_1_12' title="bbox 151 1701 1112 1790; baseline 0.006 -26"><span class='ocrx_word' id='word_1_82' title='bbox 151 1704 278 1779; x_wconf 70' lang='lat' dir='ltr'><strong>naciter,</strong></span> <span class='ocrx_word' id='word_1_83' title='bbox 299 1715 334 1767; x_wconf 83' lang='lat' dir='ltr'><strong>at</strong></span> <span class='ocrx_word' id='word_1_84' title='bbox 350 1701 442 1768; x_wconf 81' lang='lat' dir='ltr'><strong>etiem</strong></span> <span class='ocrx_word' id='word_1_85' title='bbox 459 1707 587 1788; x_wconf 77' lang='lat' dir='ltr'><strong>vulgatis</strong></span> <span class='ocrx_word' id='word_1_86' title='bbox 603 1727 656 1790; x_wconf 84' lang='lat' dir='ltr'><strong>per</strong></span> <span class='ocrx_word' id='word_1_87' title='bbox 672 1707 909 1769; x_wconf 79' lang='lat' dir='ltr'><strong>Christianorum</strong></span> <span class='ocrx_word' id='word_1_88' title='bbox 927 1707 1112 1770; x_wconf 73' lang='lat' dir='ltr'><strong>incramenta</strong></span> 
     </span>
     <span class='ocr_line' id='line_1_13' title="bbox 151 1799 1274 1885; baseline 0.006 -23"><span class='ocrx_word' id='word_1_89' title='bbox 151 1799 328 1864; x_wconf 81' lang='lat' dir='ltr'><strong>Jndrcorum</strong></span> <span class='ocrx_word' id='word_1_90' title='bbox 342 1807 445 1877; x_wconf 74' lang='lat' dir='ltr'><strong>sacris,</strong></span> <span class='ocrx_word' id='word_1_91' title='bbox 468 1804 665 1878; x_wconf 79' lang='lat' dir='ltr'><strong>Plutarchus,</strong></span> <span class='ocrx_word' id='word_1_92' title='bbox 679 1811 742 1866; x_wconf 87' lang='lat' dir='ltr'><strong>tam</strong></span> <span class='ocrx_word' id='word_1_93' title='bbox 763 1803 893 1884; x_wconf 77' lang='lat' dir='ltr'><strong>diligens</strong></span> <span class='ocrx_word' id='word_1_94' title='bbox 911 1804 1110 1867; x_wconf 63' lang='lat' dir='ltr'><strong>absuuscrum</strong></span> <span class='ocrx_word' id='word_1_95' title='bbox 1131 1819 1274 1885; x_wconf 80' lang='lat' dir='ltr'><strong>Plutsyn·</strong></span> 
     </span>
     <span class='ocr_line' id='line_1_14' title="bbox 150 1890 1262 1980; baseline 0.003 -18"><span class='ocrx_word' id='word_1_96' title='bbox 150 1897 318 1980; x_wconf 73' lang='lat' dir='ltr'><strong>inquisitor,</strong></span> <span class='ocrx_word' id='word_1_97' title='bbox 331 1901 363 1962; x_wconf 90' lang='lat' dir='ltr'><strong>in</strong></span> <span class='ocrx_word' id='word_1_98' title='bbox 374 1901 538 1964; x_wconf 74' lang='lat' dir='ltr'><strong>clarissime</strong></span> <span class='ocrx_word' id='word_1_99' title='bbox 552 1903 619 1964; x_wconf 86' lang='lat' dir='ltr'><strong>luce</strong></span> <span class='ocrx_word' id='word_1_100' title='bbox 632 1902 816 1973; x_wconf 80' lang='lat' dir='ltr'><strong>caecutiret,‘</strong></span> <span class='ocrx_word' id='word_1_101' title='bbox 832 1899 973 1962; x_wconf 84' lang='lat' dir='ltr'><strong>Liberum</strong></span> <span class='ocrx_word' id='word_1_102' title='bbox 984 1901 1111 1964; x_wconf 81' lang='lat' dir='ltr'><strong>Patrem</strong></span> <span class='ocrx_word' id='word_1_103' title='bbox 1121 1901 1176 1953; x_wconf 57' lang='grc' dir='ltr'><strong>ΡΜ·</strong></span> <span class='ocrx_word' id='word_1_104' title='bbox 1186 1902 1225 1936; x_wconf 75' lang='lat' dir='ltr'><strong>xv.</strong></span> <span class='ocrx_word' id='word_1_105' title='bbox 1236 1890 1262 1938; x_wconf 80' lang='lat'><strong>⁶·</strong></span> 
     </span>
     <span class='ocr_line' id='line_1_15' title="bbox 152 1990 1274 2086; baseline 0.007 -30"><span class='ocrx_word' id='word_1_106' title='bbox 152 2015 173 2057; x_wconf 86' lang='lat' dir='ltr'><strong>a</strong></span> <span class='ocrx_word' id='word_1_107' title='bbox 189 1995 308 2060; x_wconf 79' lang='lat' dir='ltr'><strong>Judaris</strong></span> <span class='ocrx_word' id='word_1_108' title='bbox 325 1998 399 2060; x_wconf 90' lang='lat' dir='ltr'><strong>coli’</strong></span> <span class='ocrx_word' id='word_1_109' title='bbox 422 1999 525 2061; x_wconf 87' lang='lat' dir='ltr'><strong>multis</strong></span> <span class='ocrx_word' id='word_1_110' title='bbox 546 1990 725 2080; x_wconf 75' lang='lat' dir='ltr'><strong>argumentis</strong></span> <span class='ocrx_word' id='word_1_111' title='bbox 743 2000 926 2080; x_wconf 82' lang='lat' dir='ltr'><strong>ineptissime</strong></span> <span class='ocrx_word' id='word_1_112' title='bbox 942 1999 1110 2082; x_wconf 87' lang='lat' dir='ltr'><strong>disputans.</strong></span> <span class='ocrx_word' id='word_1_113' title='bbox 1136 2033 1274 2086; x_wconf 52' lang='lat' dir='ltr'><strong>mm</strong></span> 
     </span>
     <span class='ocr_line' id='line_1_16' title="bbox 152 2091 1186 2180; baseline 0.007 -27"><span class='ocrx_word' id='word_1_114' title='bbox 152 2091 300 2155; x_wconf 75' lang='lat' dir='ltr'><strong>Abantia</strong></span> <span class='ocrx_word' id='word_1_115' title='bbox 319 2099 481 2176; x_wconf 86' lang='lat' dir='ltr'><strong>persuasio,</strong></span> <span class='ocrx_word' id='word_1_116' title='bbox 504 2097 574 2158; x_wconf 89' lang='lat' dir='ltr'><strong>iude</strong></span> <span class='ocrx_word' id='word_1_117' title='bbox 594 2097 722 2180; x_wconf 88' lang='lat' dir='ltr'><strong>primum</strong></span> <span class='ocrx_word' id='word_1_118' title='bbox 741 2105 819 2169; x_wconf 88' lang='lat' dir='ltr'><strong>crta,</strong></span> <span class='ocrx_word' id='word_1_119' title='bbox 841 2095 924 2177; x_wconf 90' lang='lat' dir='ltr'><strong>quod</strong></span> <span class='ocrx_word' id='word_1_120' title='bbox 939 2096 1112 2160; x_wconf 81' lang='lat' dir='ltr'><strong>secerdotes</strong></span> <span class='ocrx_word' id='word_1_121' title='bbox 1120 2116 1148 2154; x_wconf 76' lang='lat' dir='ltr'><strong>r·</strong></span> <span class='ocrx_word' id='word_1_122' title='bbox 1159 2107 1186 2153; x_wconf 79' lang='lat'><strong>⁶·</strong></span> 
     </span>
     <span class='ocr_line' id='line_1_17' title="bbox 152 2188 1111 2275; baseline 0.007 -25"><span class='ocrx_word' id='word_1_123' title='bbox 152 2188 254 2253; x_wconf 74' lang='lat' dir='ltr'><strong>sudet</strong></span> <span class='ocrx_word' id='word_1_124' title='bbox 266 2191 342 2253; x_wconf 74' lang='lat' dir='ltr'><strong>tibia</strong></span> <span class='ocrx_word' id='word_1_125' title='bbox 359 2193 569 2275; x_wconf 72' lang='lat' dir='ltr'><strong>tympanisque</strong></span> <span class='ocrx_word' id='word_1_126' title='bbox 587 2193 797 2265; x_wconf 75' lang='lat' dir='ltr'><strong>concinebant,</strong></span> <span class='ocrx_word' id='word_1_127' title='bbox 816 2191 987 2274; x_wconf 86' lang='lat' dir='ltr'><strong>hederaque</strong></span> <span class='ocrx_word' id='word_1_128' title='bbox 998 2193 1111 2256; x_wconf 81' lang='lat' dir='ltr'><strong>vincie-</strong></span> 
     </span>
     <span class='ocr_line' id='line_1_18' title="bbox 151 2287 1113 2372; baseline 0.004 -24"><span class='ocrx_word' id='word_1_129' title='bbox 151 2287 283 2350; x_wconf 83' lang='lat' dir='ltr'><strong>bantur:</strong></span> <span class='ocrx_word' id='word_1_130' title='bbox 304 2297 418 2351; x_wconf 86' lang='lat' dir='ltr'><strong>etanta</strong></span> <span class='ocrx_word' id='word_1_131' title='bbox 429 2293 530 2352; x_wconf 85' lang='lat' dir='ltr'><strong>omnia</strong></span> <span class='ocrx_word' id='word_1_132' title='bbox 546 2289 628 2372; x_wconf 88' lang='lat' dir='ltr'><strong>quod</strong></span> <span class='ocrx_word' id='word_1_133' title='bbox 640 2300 758 2372; x_wconf 87' lang='lat' dir='ltr'><strong>reperta</strong></span> <span class='ocrx_word' id='word_1_134' title='bbox 770 2292 799 2350; x_wconf 85' lang='lat' dir='ltr'><strong>in</strong></span> <span class='ocrx_word' id='word_1_135' title='bbox 812 2290 927 2372; x_wconf 85' lang='lat' dir='ltr'><strong>temple</strong></span> <span class='ocrx_word' id='word_1_136' title='bbox 937 2291 1008 2353; x_wconf 82' lang='lat' dir='ltr'><strong>vitis</strong></span> <span class='ocrx_word' id='word_1_137' title='bbox 1020 2311 1113 2352; x_wconf 84' lang='lat' dir='ltr'><strong>aurea</strong></span> 
     </span>
     <span class='ocr_line' id='line_1_19' title="bbox 151 2369 1295 2474; baseline 0.004 -28"><span class='ocrx_word' id='word_1_138' title='bbox 151 2385 268 2448; x_wconf 73' lang='lat' dir='ltr'><strong>suiset</strong></span> <span class='ocrx_word' id='word_1_139' title='bbox 315 2369 559 2450; x_wconf 83' lang='lat' dir='ltr'><strong>Pulcherrimuin</strong></span> <span class='ocrx_word' id='word_1_140' title='bbox 581 2389 613 2450; x_wconf 88' lang='lat' dir='ltr'><strong>id</strong></span> <span class='ocrx_word' id='word_1_141' title='bbox 634 2409 720 2471; x_wconf 86' lang='lat' dir='ltr'><strong>opus,</strong></span> <span class='ocrx_word' id='word_1_142' title='bbox 743 2389 912 2471; x_wconf 72' lang='lat' dir='ltr'><strong>quingentis</strong></span> <span class='ocrx_word' id='word_1_143' title='bbox 933 2390 1110 2451; x_wconf 76' lang='lat' dir='ltr'><strong>aestimatrun</strong></span> <span class='ocrx_word' id='word_1_144' title='bbox 1122 2407 1222 2474; x_wconf 63' lang='lat' dir='ltr'><strong>saepti.</strong></span> <span class='ocrx_word' id='word_1_145' title='bbox 1289 2445 1295 2469; x_wconf 61' lang='grc'>,</span> 
     </span>
     <span class='ocr_line' id='line_1_20' title="bbox 151 2482 1111 2569; baseline 0.003 -25"><span class='ocrx_word' id='word_1_146' title='bbox 151 2482 299 2558; x_wconf 50' lang='lat' dir='ltr'><strong>talenti&amp;</strong></span> <span class='ocrx_word' id='word_1_147' title='bbox 310 2486 372 2548; x_wconf 84' lang='lat' dir='ltr'><strong>sive</strong></span> <span class='ocrx_word' id='word_1_148' title='bbox 385 2487 554 2550; x_wconf 80' lang='lat' dir='ltr'><strong>Aristobuli</strong></span> <span class='ocrx_word' id='word_1_149' title='bbox 563 2487 686 2560; x_wconf 87' lang='lat' dir='ltr'><strong>donum,</strong></span> <span class='ocrx_word' id='word_1_150' title='bbox 699 2487 763 2550; x_wconf 84' lang='lat' dir='ltr'><strong>sire</strong></span> <span class='ocrx_word' id='word_1_151' title='bbox 772 2507 842 2548; x_wconf 83' lang='lat' dir='ltr'><strong>sues</strong></span> <span class='ocrx_word' id='word_1_152' title='bbox 852 2508 870 2548; x_wconf 92' lang='lat' dir='ltr'><strong>e</strong></span> <span class='ocrx_word' id='word_1_153' title='bbox 881 2485 995 2569; x_wconf 85' lang='lat' dir='ltr'><strong>temple</strong></span> <span class='ocrx_word' id='word_1_154' title='bbox 1006 2505 1111 2548; x_wconf 87' lang='lat' dir='ltr'><strong>manu·</strong></span> 
     </span>
     <span class='ocr_line' id='line_1_21' title="bbox 152 2581 1114 2669; baseline 0.004 -26"><span class='ocrx_word' id='word_1_155' title='bbox 152 2581 219 2644; x_wconf 83' lang='lat' dir='ltr'><strong>bies</strong></span> <span class='ocrx_word' id='word_1_156' title='bbox 239 2581 372 2647; x_wconf 86' lang='lat' dir='ltr'><strong>Romam</strong></span> <span class='ocrx_word' id='word_1_157' title='bbox 393 2583 567 2669; x_wconf 81' lang='lat' dir='ltr'><strong>deportante</strong></span> <span class='ocrx_word' id='word_1_158' title='bbox 588 2585 750 2669; x_wconf 88' lang='lat' dir='ltr'><strong>Pompeio,</strong></span> <span class='ocrx_word' id='word_1_159' title='bbox 775 2594 879 2669; x_wconf 75' lang='lat' dir='ltr'><strong>postea</strong></span> <span class='ocrx_word' id='word_1_160' title='bbox 897 2587 928 2647; x_wconf 88' lang='lat' dir='ltr'><strong>in</strong></span> <span class='ocrx_word' id='word_1_161' title='bbox 946 2583 1114 2668; x_wconf 77' lang='lat' dir='ltr'><strong>(lepitclini</strong></span> 
     </span>
     <span class='ocr_line' id='line_1_22' title="bbox 153 2679 1111 2767; baseline 0.002 -26"><span class='ocrx_word' id='word_1_162' title='bbox 153 2679 240 2742; x_wconf 81' lang='lat' dir='ltr'><strong>Jovis</strong></span> <span class='ocrx_word' id='word_1_163' title='bbox 261 2680 333 2743; x_wconf 82' lang='lat' dir='ltr'><strong>lanc</strong></span> <span class='ocrx_word' id='word_1_164' title='bbox 354 2684 448 2757; x_wconf 85' lang='lat' dir='ltr'><strong>stetit,</strong></span> <span class='ocrx_word' id='word_1_165' title='bbox 470 2682 641 2745; x_wconf 84' lang='lat' dir='ltr'><strong>Alexandri</strong></span> <span class='ocrx_word' id='word_1_166' title='bbox 660 2704 766 2746; x_wconf 88' lang='lat' dir='ltr'><strong>nomen</strong></span> <span class='ocrx_word' id='word_1_167' title='bbox 790 2684 963 2767; x_wconf 73' lang='lat' dir='ltr'><strong>inscriptum</strong></span> <span class='ocrx_word' id='word_1_168' title='bbox 986 2682 1111 2756; x_wconf 74' lang='lat' dir='ltr'><strong>liabens,</strong></span> 
     </span>
     <span class='ocr_line' id='line_1_23' title="bbox 153 2776 422 2861; baseline 0.026 -24"><span class='ocrx_word' id='word_1_169' title='bbox 153 2776 327 2840; x_wconf 78' lang='lat' dir='ltr'><strong>Jndaeomm</strong></span> <span class='ocrx_word' id='word_1_170' title='bbox 336 2780 422 2861; x_wconf 80' lang='lat' dir='ltr'><strong>regis.</strong></span> 
     </span>
     <span class='ocr_line' id='line_1_24' title="bbox 144 2875 1114 2960; baseline 0.001 -23"><span class='ocrx_word' id='word_1_171' title='bbox 144 2927 149 2949; x_wconf 89' lang='grc'>,</span> <span class='ocrx_word' id='word_1_172' title='bbox 194 2880 246 2939; x_wconf 81' lang='lat'><strong>6¹1.</strong></span> <span class='ocrx_word' id='word_1_173' title='bbox 268 2875 772 2960; x_wconf 78' lang='lat' dir='ltr'><strong>Intemplopraetercandelabrnm</strong></span> <span class='ocrx_word' id='word_1_174' title='bbox 784 2878 910 2958; x_wconf 75' lang='lat' dir='ltr'><strong>insigne,</strong></span> <span class='ocrx_word' id='word_1_175' title='bbox 923 2896 1114 2958; x_wconf 80' lang='lat' dir='ltr'><strong>mensemque</strong></span> 
     </span>
    </p>
   </div>
   <div class='ocr_carea' id='block_1_3' title="bbox 21 2976 1138 3057">
    <p class='ocr_par' dir='ltr' id='par_1_4' title="bbox 21 2976 1138 3057">
     <span class='ocr_line' id='line_1_25' title="bbox 21 2976 1138 3057; baseline -0.007 -16"><span class='ocrx_word' id='word_1_176' title='bbox 21 3032 25 3041; x_wconf 88' lang='lat'><em>.</em></span> <span class='ocrx_word' id='word_1_177' title='bbox 153 2979 186 3032; x_wconf 75' lang='lat' dir='ltr'><strong>et</strong></span> <span class='ocrx_word' id='word_1_178' title='bbox 204 2992 278 3037; x_wconf 74' lang='lat' dir='ltr'><strong>rusa</strong></span> <span class='ocrx_word' id='word_1_179' title='bbox 294 2994 396 3049; x_wconf 81' lang='lat' dir='ltr'><strong>auree,</strong></span> <span class='ocrx_word' id='word_1_180' title='bbox 416 2995 525 3056; x_wconf 77' lang='lat' dir='ltr'><strong>magne</strong></span> <span class='ocrx_word' id='word_1_181' title='bbox 542 2976 588 3037; x_wconf 83' lang='lat' dir='ltr'><strong>ris</strong></span> <span class='ocrx_word' id='word_1_182' title='bbox 605 2976 729 3037; x_wconf 89' lang='lat' dir='ltr'><strong>odorum</strong></span> <span class='ocrx_word' id='word_1_183' title='bbox 749 2984 877 3057; x_wconf 85' lang='lat' dir='ltr'><strong>reperta,</strong></span> <span class='ocrx_word' id='word_1_184' title='bbox 895 2994 1048 3055; x_wconf 77' lang='lat' dir='ltr'><strong>sacricqne</strong></span> <span class='ocrx_word' id='word_1_185' title='bbox 1060 2992 1114 3056; x_wconf 88' lang='lat' dir='ltr'><strong>pe·</strong></span> <span class='ocrx_word' id='word_1_186' title='bbox 1133 3010 1138 3017; x_wconf 94' lang='lat'>-</span> 
     </span>
    </p>
   </div>
   <div class='ocr_carea' id='block_1_4' title="bbox 153 3070 1299 3644">
    <p class='ocr_par' dir='ltr' id='par_1_5' title="bbox 153 3070 1299 3541">
     <span class='ocr_line' id='line_1_26' title="bbox 153 3070 1116 3143; baseline 0.001 -12"><span class='ocrx_word' id='word_1_187' title='bbox 153 3071 251 3132; x_wconf 79' lang='lat' dir='ltr'><strong>cunim</strong></span> <span class='ocrx_word' id='word_1_188' title='bbox 263 3070 374 3135; x_wconf 84' lang='lat' dir='ltr'><strong>adduc</strong></span> <span class='ocrx_word' id='word_1_189' title='bbox 384 3073 479 3134; x_wconf 87' lang='lat' dir='ltr'><strong>millia</strong></span> <span class='ocrx_word' id='word_1_190' title='bbox 489 3074 660 3139; x_wconf 72' lang='lat' dir='ltr'><strong>talentum.q</strong></span> <span class='ocrx_word' id='word_1_191' title='bbox 691 3075 812 3143; x_wconf 81' lang='lat' dir='ltr'><strong>Quibus</strong></span> <span class='ocrx_word' id='word_1_192' title='bbox 823 3072 960 3133; x_wconf 87' lang='lat' dir='ltr'><strong>omnibus</strong></span> <span class='ocrx_word' id='word_1_193' title='bbox 971 3072 1116 3133; x_wconf 74' lang='lat' dir='ltr'><strong>abstinuit</strong></span> 
     </span>
     <span class='ocr_line' id='line_1_27' title="bbox 155 3161 1114 3255; baseline 0.002 -27"><span class='ocrx_word' id='word_1_194' title='bbox 155 3166 340 3251; x_wconf 88' lang='lat' dir='ltr'><strong>Pompeius:</strong></span> <span class='ocrx_word' id='word_1_195' title='bbox 363 3172 516 3255; x_wconf 82' lang='lat' dir='ltr'><strong>alteroque</strong></span> <span class='ocrx_word' id='word_1_196' title='bbox 526 3182 592 3254; x_wconf 89' lang='lat' dir='ltr'><strong>post</strong></span> <span class='ocrx_word' id='word_1_197' title='bbox 604 3181 725 3254; x_wconf 86' lang='lat' dir='ltr'><strong>ceptum</strong></span> <span class='ocrx_word' id='word_1_198' title='bbox 735 3161 880 3253; x_wconf 89' lang='lat' dir='ltr'><strong>templum</strong></span> <span class='ocrx_word' id='word_1_199' title='bbox 889 3170 950 3243; x_wconf 89' lang='lat' dir='ltr'><strong>die,</strong></span> <span class='ocrx_word' id='word_1_200' title='bbox 962 3170 1114 3251; x_wconf 73' lang='lat' dir='ltr'><strong>repurgari</strong></span> 
     </span>
     <span class='ocr_line' id='line_1_28' title="bbox 155 3263 1113 3351; baseline 0.005 -27"><span class='ocrx_word' id='word_1_201' title='bbox 155 3263 255 3328; x_wconf 88' lang='lat' dir='ltr'><strong>locum</strong></span> <span class='ocrx_word' id='word_1_202' title='bbox 279 3269 318 3329; x_wconf 90' lang='lat' dir='ltr'><strong>ab</strong></span> <span class='ocrx_word' id='word_1_203' title='bbox 336 3270 464 3342; x_wconf 72' lang='lat' dir='ltr'><strong>edituis,</strong></span> <span class='ocrx_word' id='word_1_204' title='bbox 485 3270 634 3351; x_wconf 75' lang='lat' dir='ltr'><strong>sclitdque</strong></span> <span class='ocrx_word' id='word_1_205' title='bbox 653 3270 712 3331; x_wconf 89' lang='lat' dir='ltr'><strong>ritu</strong></span> <span class='ocrx_word' id='word_1_206' title='bbox 730 3268 886 3330; x_wconf 84' lang='lat' dir='ltr'><strong>instaurari</strong></span> <span class='ocrx_word' id='word_1_207' title='bbox 902 3286 990 3330; x_wconf 87' lang='lat' dir='ltr'><strong>sacra</strong></span> <span class='ocrx_word' id='word_1_208' title='bbox 1005 3266 1113 3329; x_wconf 80' lang='lat' dir='ltr'><strong>voluit.</strong></span> 
     </span>
     <span class='ocr_line' id='line_1_29' title="bbox 154 3360 1299 3449; baseline 0.005 -28"><span class='ocrx_word' id='word_1_209' title='bbox 154 3360 245 3424; x_wconf 85' lang='lat' dir='ltr'><strong>Jussc</strong></span> <span class='ocrx_word' id='word_1_210' title='bbox 258 3364 366 3427; x_wconf 91' lang='lat' dir='ltr'><strong>deinde</strong></span> <span class='ocrx_word' id='word_1_211' title='bbox 380 3388 502 3447; x_wconf 73' lang='lat' dir='ltr'><strong>regnare</strong></span> <span class='ocrx_word' id='word_1_212' title='bbox 521 3368 683 3449; x_wconf 86' lang='lat' dir='ltr'><strong>Hyrcano,</strong></span> <span class='ocrx_word' id='word_1_213' title='bbox 703 3368 868 3449; x_wconf 70' lang='lat' dir='ltr'><strong>precipuos</strong></span> <span class='ocrx_word' id='word_1_214' title='bbox 878 3366 953 3427; x_wconf 90' lang='lat' dir='ltr'><strong>belli</strong></span> <span class='ocrx_word' id='word_1_215' title='bbox 965 3374 1113 3438; x_wconf 83' lang='lat' dir='ltr'><strong>suctorea,</strong></span> <span class='ocrx_word' id='word_1_216' title='bbox 1175 3410 1178 3415; x_wconf 84' lang='lat'><em>-</em></span> <span class='ocrx_word' id='word_1_217' title='bbox 1295 3376 1299 3399; x_wconf 85' lang='lat'>&#39;</span> 
     </span>
     <span class='ocr_line' id='line_1_30' title="bbox 155 3458 1114 3541; baseline 0.005 -23"><span class='ocrx_word' id='word_1_218' title='bbox 155 3458 187 3519; x_wconf 90' lang='lat' dir='ltr'><strong>in</strong></span> <span class='ocrx_word' id='word_1_219' title='bbox 210 3462 318 3541; x_wconf 83' lang='lat' dir='ltr'><strong>quibus</strong></span> <span class='ocrx_word' id='word_1_220' title='bbox 341 3474 373 3524; x_wconf 87' lang='lat' dir='ltr'><strong>et</strong></span> <span class='ocrx_word' id='word_1_221' title='bbox 397 3465 583 3526; x_wconf 84' lang='lat' dir='ltr'><strong>Abeelomus</strong></span> <span class='ocrx_word' id='word_1_222' title='bbox 602 3464 682 3539; x_wconf 71' lang='lat' dir='ltr'><strong>fuit:</strong></span> <span class='ocrx_word' id='word_1_223' title='bbox 705 3464 875 3526; x_wconf 85' lang='lat' dir='ltr'><strong>Aristobnli</strong></span> <span class='ocrx_word' id='word_1_224' title='bbox 896 3483 991 3537; x_wconf 86' lang='lat' dir='ltr'><strong>socer,</strong></span> <span class='ocrx_word' id='word_1_225' title='bbox 1016 3462 1114 3525; x_wconf 89' lang='lat' dir='ltr'><strong>securi</strong></span> 
     </span>
    </p>

    <p class='ocr_par' dir='ltr' id='par_1_6' title="bbox 154 3560 1236 3644">
     <span class='ocr_line' id='line_1_31' title="bbox 154 3560 1236 3644; baseline 0.004 -27"><span class='ocrx_word' id='word_1_226' title='bbox 154 3560 320 3637; x_wconf 86' lang='lat' dir='ltr'><strong>percussit:</strong></span> <span class='ocrx_word' id='word_1_227' title='bbox 351 3560 495 3623; x_wconf 78' lang='lat' dir='ltr'><strong>Faustum</strong></span> <span class='ocrx_word' id='word_1_228' title='bbox 518 3572 691 3644; x_wconf 85' lang='lat' dir='ltr'><strong>ceterosque</strong></span> <span class='ocrx_word' id='word_1_229' title='bbox 712 3564 832 3625; x_wconf 83' lang='lat' dir='ltr'><strong>virtutis</strong></span> <span class='ocrx_word' id='word_1_230' title='bbox 853 3582 945 3624; x_wconf 85' lang='lat' dir='ltr'><strong>cansa</strong></span> <span class='ocrx_word' id='word_1_231' title='bbox 968 3560 1112 3623; x_wconf 86' lang='lat' dir='ltr'><strong>donarit:</strong></span> <span class='ocrx_word' id='word_1_232' title='bbox 1143 3578 1236 3630; x_wconf 63' lang='lat' dir='ltr'><strong>hut.</strong></span> 
     </span>
    </p>
   </div>
   <div class='ocr_carea' id='block_1_5' title="bbox 156 3644 1270 3774">
    <p class='ocr_par' dir='ltr' id='par_1_7' title="bbox 156 3644 1270 3774">
     <span class='ocr_line' id='line_1_32' title="bbox 156 3644 1270 3774; baseline 0.011 -60"><span class='ocrx_word' id='word_1_233' title='bbox 156 3653 396 3741; x_wconf 68' lang='lat' dir='ltr'><strong>Hierosolyma:</strong></span> <span class='ocrx_word' id='word_1_234' title='bbox 414 3660 519 3721; x_wconf 88' lang='lat' dir='ltr'><strong>dirutis</strong></span> <span class='ocrx_word' id='word_1_235' title='bbox 537 3661 641 3743; x_wconf 90' lang='lat' dir='ltr'><strong>oppidi</strong></span> <span class='ocrx_word' id='word_1_236' title='bbox 660 3662 815 3734; x_wconf 86' lang='lat' dir='ltr'><strong>moenibus,</strong></span> <span class='ocrx_word' id='word_1_237' title='bbox 838 3659 988 3723; x_wconf 75' lang='lat' dir='ltr'><strong>Romanis</strong></span> <span class='ocrx_word' id='word_1_238' title='bbox 1001 3660 1113 3741; x_wconf 89' lang='lat' dir='ltr'><strong>stipen·</strong></span> <span class='ocrx_word' id='word_1_239' title='bbox 1123 3644 1270 3774; x_wconf 55' lang='lat' dir='ltr'><strong>iffi«</strong></span> 
     </span>
    </p>
   </div>
   <div class='ocr_carea' id='block_1_6' title="bbox 154 3742 1278 3844">
    <p class='ocr_par' dir='ltr' id='par_1_8' title="bbox 154 3742 1278 3844">
     <span class='ocr_line' id='line_1_33' title="bbox 154 3742 1278 3844; baseline 0.011 -31"><span class='ocrx_word' id='word_1_240' title='bbox 154 3752 253 3818; x_wconf 83' lang='lat' dir='ltr'><strong>diaria</strong></span> <span class='ocrx_word' id='word_1_241' title='bbox 264 3755 347 3833; x_wconf 81' lang='lat' dir='ltr'><strong>iecit,</strong></span> <span class='ocrx_word' id='word_1_242' title='bbox 360 3767 549 3840; x_wconf 81' lang='lat' dir='ltr'><strong>procuratore</strong></span> <span class='ocrx_word' id='word_1_243' title='bbox 563 3760 703 3843; x_wconf 86' lang='lat' dir='ltr'><strong>imposito</strong></span> <span class='ocrx_word' id='word_1_244' title='bbox 715 3759 914 3844; x_wconf 74' lang='lat' dir='ltr'><strong>Antipatro.¹</strong></span> <span class='ocrx_word' id='word_1_245' title='bbox 1124 3742 1278 3840; x_wconf 59' lang='lat' dir='ltr'><strong>negarant</strong></span> 
     </span>
    </p>
   </div>
   <div class='ocr_carea' id='block_1_7' title="bbox 88 3961 1116 4559">
    <p class='ocr_par' dir='ltr' id='par_1_9' title="bbox 88 3961 1116 4559">
     <span class='ocr_line' id='line_1_34' title="bbox 190 3961 1114 4036; baseline -0.013 -12"><span class='ocrx_word' id='word_1_246' title='bbox 190 3964 618 4036; x_wconf 68' lang='lat' dir='ltr'><strong>⁹Quirrerrts...rateuris]nrar-</strong></span> <span class='ocrx_word' id='word_1_247' title='bbox 653 3982 670 4019; x_wconf 83' lang='lat' dir='ltr'><strong>a</strong></span> <span class='ocrx_word' id='word_1_248' title='bbox 693 3968 822 4031; x_wconf 82' lang='lat' dir='ltr'><strong>Pompeio</strong></span> <span class='ocrx_word' id='word_1_249' title='bbox 853 3964 979 4016; x_wconf 79' lang='lat' dir='ltr'><strong>sdverscs</strong></span> <span class='ocrx_word' id='word_1_250' title='bbox 1004 3961 1114 4016; x_wconf 74' lang='lat' dir='ltr'><strong>Jndecs</strong></span> 
     </span>
     <span class='ocr_line' id='line_1_35' title="bbox 155 4028 1115 4099; baseline -0.019 -2"><span class='ocrx_word' id='word_1_251' title='bbox 155 4030 410 4095; x_wconf 60' lang='lat' dir='ltr'><strong>⁶¹⁸¹&#39;llessll46875·</strong></span> <span class='ocrx_word' id='word_1_252' title='bbox 429 4034 500 4084; x_wconf 73' lang='lat' dir='ltr'><strong>cm·</strong></span> <span class='ocrx_word' id='word_1_253' title='bbox 653 4028 1115 4099; x_wconf 66' lang='lat' dir='ltr'><strong>qurenerrrtiousrotumtersJo·</strong></span> 
     </span>
     <span class='ocr_line' id='line_1_36' title="bbox 189 4094 1116 4165; baseline -0.006 -17"><span class='ocrx_word' id='word_1_254' title='bbox 189 4096 365 4149; x_wconf 59' lang='lat' dir='ltr'><strong>*Ducmittiu</strong></span> <span class='ocrx_word' id='word_1_255' title='bbox 376 4098 618 4164; x_wconf 72' lang='lat' dir='ltr'><strong>tulmtemJMarcas</strong></span> <span class='ocrx_word' id='word_1_256' title='bbox 653 4102 760 4165; x_wconf 78' lang='lat' dir='ltr'><strong>septum</strong></span> <span class='ocrx_word' id='word_1_257' title='bbox 789 4100 815 4149; x_wconf 89' lang='lat' dir='ltr'><strong>in</strong></span> <span class='ocrx_word' id='word_1_258' title='bbox 834 4099 951 4161; x_wconf 63' lang='lat' dir='ltr'><strong>margine</strong></span> <span class='ocrx_word' id='word_1_259' title='bbox 969 4094 1116 4157; x_wconf 84' lang='lat' dir='ltr'><strong>citavimus,</strong></span> 
     </span>
     <span class='ocr_line' id='line_1_37' title="bbox 159 4159 1116 4224; baseline -0.02 2"><span class='ocrx_word' id='word_1_260' title='bbox 159 4164 261 4224; x_wconf 49' lang='lat' dir='ltr'><strong>⁸¹&#39;letti</strong></span> <span class='ocrx_word' id='word_1_261' title='bbox 276 4166 381 4213; x_wconf 71' lang='grc'><strong>187600.</strong></span> <span class='ocrx_word' id='word_1_262' title='bbox 399 4164 472 4214; x_wconf 79' lang='lat' dir='ltr'><strong>Grec.</strong></span> <span class='ocrx_word' id='word_1_263' title='bbox 505 4171 508 4180; x_wconf 93' lang='lat'>&#39;</span> <span class='ocrx_word' id='word_1_264' title='bbox 654 4180 688 4216; x_wconf 84' lang='lat' dir='ltr'><strong>ne</strong></span> <span class='ocrx_word' id='word_1_265' title='bbox 710 4166 791 4215; x_wconf 87' lang='lat' dir='ltr'><strong>nimia</strong></span> <span class='ocrx_word' id='word_1_266' title='bbox 811 4166 944 4215; x_wconf 82' lang='lat' dir='ltr'><strong>neminum</strong></span> <span class='ocrx_word' id='word_1_267' title='bbox 972 4159 1116 4211; x_wconf 72' lang='lat' dir='ltr'><strong>multitado</strong></span> 
     </span>
     <span class='ocr_line' id='line_1_38' title="bbox 190 4224 1116 4295; baseline -0.01 -14"><span class='ocrx_word' id='word_1_268' title='bbox 190 4228 250 4278; x_wconf 81' lang='lat' dir='ltr'><strong>&#39;la</strong></span> <span class='ocrx_word' id='word_1_269' title='bbox 270 4230 354 4293; x_wconf 76' lang='lat' dir='ltr'><strong>quitur</strong></span> <span class='ocrx_word' id='word_1_270' title='bbox 370 4234 395 4279; x_wconf 85' lang='lat' dir='ltr'><strong>et</strong></span> <span class='ocrx_word' id='word_1_271' title='bbox 409 4228 619 4294; x_wconf 59' lang='lat' dir='ltr'><strong>indemne]</strong></span> <span class='ocrx_word' id='word_1_272' title='bbox 654 4228 834 4283; x_wconf 82' lang='lat' dir='ltr'><strong>confusionem</strong></span> <span class='ocrx_word' id='word_1_273' title='bbox 847 4234 960 4295; x_wconf 81' lang='lat' dir='ltr'><strong>pareret.</strong></span> <span class='ocrx_word' id='word_1_274' title='bbox 992 4224 1116 4277; x_wconf 76' lang='lat' dir='ltr'><strong>Umeriua</strong></span> 
     </span>
     <span class='ocr_line' id='line_1_39' title="bbox 88 4288 1116 4360; baseline -0.008 -14"><span class='ocrx_word' id='word_1_275' title='bbox 88 4312 91 4317; x_wconf 84' lang='grc'>’</span> <span class='ocrx_word' id='word_1_276' title='bbox 158 4292 226 4344; x_wconf 77' lang='lat' dir='ltr'><strong>Enna</strong></span> <span class='ocrx_word' id='word_1_277' title='bbox 240 4292 372 4357; x_wconf 83' lang='lat' dir='ltr'><strong>Jceeplrcr</strong></span> <span class='ocrx_word' id='word_1_278' title='bbox 389 4304 496 4359; x_wconf 79' lang='lat' dir='ltr'><strong>ceptam</strong></span> <span class='ocrx_word' id='word_1_279' title='bbox 513 4294 619 4360; x_wconf 85' lang='lat' dir='ltr'><strong>qnidam</strong></span> <span class='ocrx_word' id='word_1_280' title='bbox 654 4296 681 4347; x_wconf 91' lang='lat' dir='ltr'><strong>in</strong></span> <span class='ocrx_word' id='word_1_281' title='bbox 708 4296 804 4347; x_wconf 71' lang='lat' dir='ltr'><strong>Arnai.</strong></span> <span class='ocrx_word' id='word_1_282' title='bbox 835 4298 871 4347; x_wconf 83' lang='lat' dir='ltr'><strong>ed</strong></span> <span class='ocrx_word' id='word_1_283' title='bbox 897 4307 995 4344; x_wconf 82' lang='lat' dir='ltr'><strong>annam</strong></span> <span class='ocrx_word' id='word_1_284' title='bbox 1022 4288 1116 4340; x_wconf 83' lang='lat' dir='ltr'><strong>Mundi</strong></span> 
     </span>
     <span class='ocr_line' id='line_1_40' title="bbox 159 4356 1115 4427; baseline -0.014 -18"><span class='ocrx_word' id='word_1_285' title='bbox 159 4372 219 4409; x_wconf 82' lang='lat' dir='ltr'><strong>esre</strong></span> <span class='ocrx_word' id='word_1_286' title='bbox 248 4368 385 4415; x_wconf 78' lang='lat' dir='ltr'><strong>memoret.</strong></span> <span class='ocrx_word' id='word_1_287' title='bbox 408 4362 494 4411; x_wconf 84' lang='lat' dir='ltr'><strong>securi</strong></span> <span class='ocrx_word' id='word_1_288' title='bbox 514 4374 620 4426; x_wconf 85' lang='lat' dir='ltr'><strong>percur-</strong></span> <span class='ocrx_word' id='word_1_289' title='bbox 654 4366 728 4415; x_wconf 72' lang='lat'><strong>⁸941.</strong></span> <span class='ocrx_word' id='word_1_290' title='bbox 740 4362 850 4425; x_wconf 75' lang='lat' dir='ltr'><strong>collegit</strong></span> <span class='ocrx_word' id='word_1_291' title='bbox 861 4356 1062 4427; x_wconf 76' lang='lat' dir='ltr'><strong>quiequtdspcd</strong></span> <span class='ocrx_word' id='word_1_292' title='bbox 1070 4370 1115 4407; x_wconf 66' lang='lat' dir='ltr'><strong>e..</strong></span> 
     </span>
     <span class='ocr_line' id='line_1_41' title="bbox 159 4422 1115 4491; baseline -0.004 -16"><span class='ocrx_word' id='word_1_293' title='bbox 159 4437 219 4475; x_wconf 78' lang='lat' dir='ltr'><strong>anm</strong></span> <span class='ocrx_word' id='word_1_294' title='bbox 230 4438 289 4475; x_wconf 85' lang='lat' dir='ltr'><strong>esre</strong></span> <span class='ocrx_word' id='word_1_295' title='bbox 301 4440 353 4475; x_wconf 84' lang='lat' dir='ltr'><strong>nce</strong></span> <span class='ocrx_word' id='word_1_296' title='bbox 365 4425 440 4477; x_wconf 86' lang='lat' dir='ltr'><strong>dicit.</strong></span> <span class='ocrx_word' id='word_1_297' title='bbox 459 4428 531 4478; x_wconf 80' lang='lat' dir='ltr'><strong>cm.</strong></span> <span class='ocrx_word' id='word_1_298' title='bbox 655 4438 726 4478; x_wconf 81' lang='lat' dir='ltr'><strong>teres</strong></span> <span class='ocrx_word' id='word_1_299' title='bbox 743 4428 886 4491; x_wconf 75' lang='lat' dir='ltr'><strong>scriptores</strong></span> <span class='ocrx_word' id='word_1_300' title='bbox 903 4424 1002 4475; x_wconf 81' lang='lat' dir='ltr'><strong>detrec</strong></span> <span class='ocrx_word' id='word_1_301' title='bbox 1021 4422 1115 4480; x_wconf 80' lang='lat' dir='ltr'><strong>ecdem</strong></span> 
     </span>
     <span class='ocr_line' id='line_1_42' title="bbox 193 4487 1114 4559; baseline -0.008 -11"><span class='ocrx_word' id='word_1_302' title='bbox 193 4497 203 4523; x_wconf 85' lang='lat'>⁸</span> <span class='ocrx_word' id='word_1_303' title='bbox 219 4488 400 4557; x_wconf 65' lang='lat' dir='ltr'><strong>filomelam]</strong></span> <span class='ocrx_word' id='word_1_304' title='bbox 414 4492 446 4543; x_wconf 86' lang='lat' dir='ltr'><strong>la</strong></span> <span class='ocrx_word' id='word_1_305' title='bbox 456 4500 511 4544; x_wconf 84' lang='lat' dir='ltr'><strong>tcta</strong></span> <span class='ocrx_word' id='word_1_306' title='bbox 522 4493 571 4544; x_wconf 83' lang='lat' dir='ltr'><strong>lac</strong></span> <span class='ocrx_word' id='word_1_307' title='bbox 582 4492 620 4543; x_wconf 83' lang='lat' dir='ltr'><strong>rel</strong></span> <span class='ocrx_word' id='word_1_308' title='bbox 654 4505 808 4559; x_wconf 69' lang='lat' dir='ltr'><strong>mqumenrc</strong></span> <span class='ocrx_word' id='word_1_309' title='bbox 827 4491 960 4545; x_wconf 68' lang='lat' dir='ltr'><strong>nemerim</strong></span> <span class='ocrx_word' id='word_1_310' title='bbox 980 4487 1114 4555; x_wconf 77' lang='lat' dir='ltr'><strong>preditam</strong></span> 
     </span>
    </p>
   </div>
   <div class='ocr_carea' id='block_1_8' title="bbox 0 0 1661 5225">
    <p class='ocr_par' dir='ltr' id='par_1_10' title="bbox 0 0 1661 5225">
     <span class='ocr_line' id='line_1_43' title="bbox 0 0 1661 5225; baseline 0 0"><span class='ocrx_word' id='word_1_311' title='bbox 0 0 1661 5225; x_wconf 95' lang='lat' dir='ltr'><strong> </strong></span> 
     </span>
    </p>
   </div>
  </div>
 </body>
</html>
