3300 5225
417 536 1037 589 utraruxxrv.surrununuruu.
1196 502 1338 594 4⁴8?
1435 503 1445 519 ’

167 698 220 739 ros
228 676 409 761 compellare
415 698 547 759 cogerer,
555 680 664 761 quibus
673 700 728 763 pro
737 700 853 741 summa
860 685 974 741 restra¹
986 678 1120 753 iufamia,

166 774 217 837 vel
228 776 304 857 quid
317 776 445 837 nominis
457 778 497 837 sit
509 774 732 859 imponendum,
745 778 855 838 nescio.

205 880 259 937 Μ.
279 883 290 912 ‘
305 873 459 934 Militesne
472 858 634 955 appellem,
647 876 699 955 qui
719 875 852 956 praetoris
868 874 1023 956 imperium
1038 895 1120 957 sper·

164 972 251 1041 nitis;
273 980 328 1033 aut
345 972 437 1043 cives,
456 973 509 1053 qui
526 980 691 1033 vestrorum
708 970 841 1053 pericmo
853 970 928 1031 nihil
941 973 1120 1033 movemini?

164 1068 315 1131 Asculani
327 1088 399 1130 saue
418 1070 578 1142 vocemini,
595 1068 669 1130 dum
691 1069 780 1141 licet;
802 1088 873 1130 mox
891 1071 981 1141 enim,
1000 1071 1025 1130 si
1044 1069 1120 1151 quid

164 1167 323 1249 prospicio,
336 1165 453 1227 nullum
466 1167 497 1227 in
510 1167 639 1239 Piceno,
650 1178 848 1250 praeterquam
862 1167 892 1227 in
902 1167 1007 1240 sulum,
1019 1166 1118 1229 Asen-

162 1266 225 1326 lnm
237 1267 305 1325 erit.
348 1264 419 1325 Nec
439 1285 510 1351 raro
532 1265 704 1347 expeditius
724 1265 798 1326 milri
815 1266 857 1325 sit
872 1263 998 1326 facinori
1009 1274 1118 1337 vestro,

160 1382 254 1445 qnam
274 1363 370 1435 robis,
389 1365 569 1425 conveniens
580 1383 687 1424 nomen
699 1363 832 1423 reddere.
875 1362 1013 1423 Errorem
1026 1383 1118 1423 excu·
1162 1352 1165 1359 Α

160 1480 228 1523 sare
253 1481 313 1522 non
341 1463 465 1543 potestis
492 1462 647 1523 admoniti.
698 1461 866 1522 Dementioe
890 1461 987 1522 levius
1012 1461 1118 1523 merito

160 1558 342 1619 vocabulum
366 1568 421 1619 est.
472 1558 526 1621 Ne
552 1568 664 1621 metum
689 1558 821 1640 quidem,
845 1567 899 1620 aut
920 1557 1117 1641 proditionem

156 1656 334 1737 simpliciter
346 1656 491 1739 appelles.
534 1656 572 1717 ln
584 1678 675 1717 unum
689 1656 835 1719 confluxit
850 1656 1009 1718 multorum
1024 1666 1117 1739 etque

157 1752 343 1815 dirersmum
358 1755 503 1815 scelerum
521 1776 637 1815 summa
654 1756 816 1836 turpitudo.

201 1856 252 1913 26.
274 1851 379 1913 ‘Cum
397 1854 513 1915 sciretis
535 1873 596 1934 quo
618 1862 751 1935 tempore
770 1851 913 1913 Romana
933 1853 1117 1917 munimenta

157 1958 351 2031 perruptum
361 1950 552 2021 accederem
573 1972 641 2011 cum
653 1952 802 2012 sentiretis
813 1948 982 2022 tumultum,
997 1950 1114 2015 audire-

154 2046 377 2120 tisclamorem,
389 2049 518 2110 hostium
531 2047 758 2130 trepidationem
770 2049 945 2117 cerneretis:
960 2048 1041 2109 exire
1054 2070 1114 2111 non

157 2146 309 2224 potuistis,
322 2154 357 2206 ut
372 2145 481 2207 saltem
490 2154 652 2229 'conspectu
666 2149 731 2227 ipso
750 2156 892 2207 terrorem
905 2144 1114 2209 Romanorum

154 2245 315 2319 augeretis,
327 2252 370 2315 et,
383 2245 457 2324 quia
469 2254 575 2305 vestre
586 2245 802 2327 obtorpuerunt
812 2264 928 2314 manus,
948 2242 998 2303 rel
1012 2253 1112 2305 osten-

150 2338 199 2397 sis
218 2340 334 2400 eminus
351 2342 454 2413 armis,
476 2342 587 2415 civium
609 2352 773 2403 vestrorum
791 2340 931 2402 tereretis
955 2340 1111 2401 victorie?

154 2435 252 2503 Quod
267 2436 348 2498 enim
368 2446 485 2500 tantm
505 2439 671 2521 periculum
689 2439 758 2510 tuit,
779 2447 833 2498 aut
847 2458 916 2519 quae
935 2438 1011 2499 adeo
1031 2438 1109 2518 peri·

151 2532 216 2593 culi
229 2534 355 2616 species,
368 2543 403 2595 ut
412 2540 515 2596 tamen
528 2537 584 2596 sub
597 2535 699 2618 aliquo
711 2534 811 2605 colore
822 2544 922 2596 restra
935 2534 1026 2595 latere
1040 2554 1108 2617 poe-

150 2633 193 2693 sit
205 2633 347 2711 ignaria?
388 2632 505 2696 Paucas
517 2637 656 2697 cohortes
674 2635 713 2695 ab
732 2634 863 2694 hostium
875 2641 959 2694 tauto
973 2633 1107 2694 exercitu

151 2727 312 2802 infestam
322 2749 343 2789 a
354 2731 416 2791 suis
427 2729 552 2802 relictae,
563 2731 742 2813 perfringere
754 2731 812 2791 ista
825 2739 926 2792 cestra
937 2737 1107 2812 potirerunt,

148 2845 279 2905 quorum
299 2846 354 2887 ros
376 2837 567 2909 conspectum
587 2829 722 2890 horretis.
773 2828 984 2908 Quicquamne
1008 2835 1108 2908 potest

148 2941 217 2982 ene
237 2923 357 2994 certius,
383 2943 475 3005 quarn
504 2927 557 3004 qui
584 2934 648 2986 mm
673 2925 784 2986 exilem
809 2943 929 2985 manum
949 2923 1106 3004 prohibere

148 3019 276 3080 trmrsitu
293 3039 353 3080 non
368 3028 538 3102 potuerunt,
555 3041 595 3082 ne
611 3023 793 3082 munimenta
807 3020 929 3103 quidem
945 3039 999 3080 rua
1016 3018 1106 3079 fuisse

147 3115 335 3190 defensuros,
351 3119 378 3178 si
398 3139 453 3179 ros
468 3120 526 3179 riri
542 3119 692 3181 fuissetis?

189 3219 243 3274 26.
264 3213 457 3275 ‘Tantumne
469 3216 515 3276 luis
533 3217 635 3288 muris,
657 3218 759 3297 etqui
775 3218 858 3278 circo
876 3221 944 3273 sunt
955 3214 1104 3274 montibus
1131 3221 1215 3274 Strabo
1223 3242 1248 3278 r.

146 3307 311 3384 confiditis,
333 3321 369 3373 ut
389 3321 471 3373 tutos
487 3312 551 3373 fore
574 3315 685 3396 putetis
703 3314 780 3385 loco,
798 3311 915 3374 etiarnsi
932 3309 1061 3384 audacia
1072 3319 1104 3372 et
1115 3303 1140 3353 Ρ·
1152 3293 1210 3342 ²⁴¹·

145 3409 239 3466 ermis
256 3427 314 3468 non
334 3407 557 3470 defendamini?
598 3408 688 3470 Nihil
701 3420 763 3470 tarn
776 3409 922 3470 munitum
944 3417 1001 3478 est,
1021 3407 1103 3488 quod

144 3513 253 3564 contre
263 3505 403 3567 mulieres
414 3509 580 3590 expugnari
598 3528 657 3568 non
674 3509 806 3590 possita
822 3507 904 3566 viris.
947 3503 1009 3566 Sed
1027 3504 1101 3586 quid
1125 3524 1129 3532 ¹

144 3619 204 3681 ego
214 3604 312 3663 verbis
324 3624 380 3666 ros
391 3603 530 3678 ulciscor,
543 3626 618 3686 quos
630 3596 720 3687 paulo
735 3615 803 3686 post
815 3603 1020 3665 Romanorum
1032 3623 1101 3664 cru·

143 3701 256 3762 delites
268 3705 416 3776 acerbius,
429 3725 520 3785 quam
538 3705 694 3786 imprecari
710 3705 868 3785 quisquam
886 3701 1021 3762 inimicus
1033 3721 1100 3782 pos-

142 3808 200 3870 set,
214 3809 260 3861 est
271 3800 482 3862 vindicatore?
520 3800 626 3862 Hodie
641 3802 761 3862 demum
781 3809 834 3861 aut
850 3800 913 3860 heri
927 3797 1100 3859 Romanum

142 3895 300 3958 audivistis
324 3899 502 3979 imperium?
523 3919 561 3959 an
580 3909 628 3960 tot
647 3901 713 3979 jam
732 3898 872 3959 eutium
890 3916 959 3957 cum
977 3887 1099 3974 majori·

142 3993 201 4052 bus
216 3995 322 4054 restris
340 3995 479 4056 universa
495 3994 589 4056 Italia
608 3996 772 4078 persensit?
804 4037 807 4042 -

182 4095 235 4152 27.
257 4099 266 4126 ⁸
280 4091 334 4151 An
347 4091 524 4152 exciderunt
544 4093 651 4154 animis
663 4091 811 4152 Romane
831 4088 954 4150 saeritiae
967 4095 1029 4148 tum
1043 4106 1098 4148 ex·

140 4205 243 4268 prem
266 4181 469 4260 monumenta,
494 4199 527 4250 et
549 4191 657 4270 quibus
681 4189 728 4250 illi
752 4188 922 4249 criminibus
955 4185 1097 4245 acerrime

140 4283 325 4345 irascantur?
366 4285 503 4347 Aliudne
524 4289 630 4367 majori
653 4285 734 4369 apud
756 4284 823 4345 illos
845 4303 933 4366 poene
954 4279 1096 4344 vindicari

470 4435 484 4481 l
502 4430 553 4482 des
563 4431 623 4483 edd.
634 4439 696 4482 aute
707 4431 784 4482 Crer.
