3300 5225
873 555 910 605 Τ.
930 556 1029 605 mvn

544 697 717 778 irrumperet
734 696 839 768 mstis,
855 678 914 759 non
931 698 1059 780 amplius
1076 718 1136 760 una
1154 706 1240 779 porta
1254 697 1294 760 ad
1312 700 1500 781 reeipiendus

442 827 452 873 .·
542 815 612 856 suos
632 797 747 876 aperire
767 795 929 857 audebant.
970 796 1056 859 Inter
1074 798 1189 859 eooisos
1208 797 1271 879 ipse
1293 818 1411 879 quoque
1432 798 1499 861 dux

481 893 489 909 ⁸
540 891 703 954 Cluentius
722 892 880 975 pugnando
900 892 1028 956 oeoidit:
1049 903 1081 955 et
1098 914 1168 965 eum
1188 914 1225 955 eo
1245 894 1349 975 viginti
1368 896 1498 959 militum

428 1006 451 1037 ι·
482 989 513 1039 ἰ·
541 989 637 1053 millia
648 990 817 1053 desiderate
828 1000 907 1069 suut.
943 990 1009 1053 Hie
1022 1012 1141 1072 quoque
1159 990 1362 1057 domnumima
1374 979 1498 1055 Sardoi-

540 1086 616 1147 tium
636 1096 735 1149 omina
754 1089 784 1148 in
809 1096 985 1169 potestatem
1005 1088 1126 1149 victoris
1146 1097 1298 1149 venerunt.
1340 1089 1395 1161 Et,
1414 1090 1498 1171 quod

441 1219 449 1237 .
542 1184 684 1243 miraculo
704 1184 871 1265 proximum
896 1193 952 1255 est,
979 1186 1009 1245 iu
1034 1196 1096 1245 tam
1119 1182 1279 1263 magnifica
1298 1184 1498 1257 victorimus

541 1300 632 1341 uuum
644 1281 765 1361 quidem
776 1281 816 1343 de
828 1282 888 1343 suis
904 1282 1049 1343 militibus
1065 1282 1196 1343 amisisse
1209 1280 1327 1364 Syllam
1343 1284 1497 1345 memoria

540 1376 691 1457 proditum:
711 1390 746 1441 ut
758 1381 826 1459 jam
844 1399 904 1441 non
919 1380 981 1441 sine
993 1400 1095 1450 cause,
1112 1399 1180 1441 oum
1195 1380 1326 1439 omnium
1342 1381 1498 1459 eognouu-

540 1492 611 1533 uum
635 1476 758 1538 baberet
780 1485 969 1558 potestatem,
996 1475 1108 1539 Felicis
1132 1464 1363 1559 appellationem
1386 1477 1499 1537 ueteris

539 1569 701 1650 pmurlisse
717 1572 811 1635 diosa,

580 1674 632 1731 1⁷.
653 1668 728 1730 Non
741 1671 832 1750 igitur
843 1671 939 1733 minor
950 1688 1041 1752 quam
1061 1688 1115 1751 pro
1133 1688 1165 1729 re
1182 1666 1291 1729 letitia
1302 1676 1333 1729 et
1345 1667 1498 1731 exultatio

538 1762 570 1829 in
582 1765 686 1825 eastris
699 1766 848 1829 Romanis
860 1767 926 1829 luit.
969 1765 1159 1828 Postumiaui
1176 1764 1286 1826 milites
1306 1765 1407 1825 bostili
1424 1786 1496 1827 san-

538 1860 628 1936 guine
639 1862 760 1924 civilem
771 1864 844 1925 sads
856 1864 992 1946 expiasse
1004 1862 1121 1934 crediti,
1131 1862 1229 1935 venia,
1239 1865 1329 1923 ceteri
1343 1862 1497 1935 leudibus,

536 1976 641 2018 omues
654 1962 784 2072 premiis
795 1961 984 2073 amplissimis
996 1960 1111 2033 donati,
1125 1961 1255 2029 uicissim
1268 1962 1369 2042 stipsi
1384 1962 1495 2023 duoem

537 2073 615 2126 raro,
633 2076 689 2117 neo
707 2059 764 2118 nisi
783 2060 886 2140 paucis
904 2060 1024 2120 omniuo
1043 2078 1182 2120 conoesso
1195 2058 1304 2119 bonore
1318 2058 1495 2121 affeoerunt.
1632 2138 1633 2147 ἵ

426 2160 451 2209 ἰ
539 2152 631 2213 Certe
642 2174 675 2215 sa
688 2155 728 2215 ab
739 2158 875 2217 exercitu
887 2155 928 2218 ad
941 2154 1056 2217 Nolam
1075 2153 1253 2217 obsidionali
1270 2175 1381 2217 eoruna
1397 2154 1495 2217 dona-

397 2176 484 2277 ’π’
537 2259 612 2323 tum,
635 2272 704 2313 oum
725 2252 838 2315 Italiae
857 2254 939 2316 bello
956 2252 1072 2335 legatus
1091 2262 1179 2325 esset,
1193 2262 1225 2313 et
1241 2254 1360 2335 seripsit
1376 2255 1440 2337 ipse
1461 2256 1494 2317 ιιι

364 2419 368 2426 ⁴
539 2344 766 2410 Commentariis
781 2349 881 2431 Sylla,
902 2360 933 2411 et
956 2352 986 2411 in
1006 2350 1082 2413 villa
1099 2350 1283 2422 Tusculana,
1302 2372 1370 2431 qum
1387 2361 1495 2432 postea

375 2452 519 2507 latter.
536 2441 596 2503 iuit
607 2441 770 2517 Cieerouis,
785 2447 891 2528 pinxit.
934 2446 1012 2507 Eam
1029 2446 1145 2509 solebat
1157 2466 1176 2508 e
1188 2448 1319 2527 gramme
1331 2446 1419 2509 viridi
1431 2468 1494 2509 ser·

536 2550 623 2603 vatris
634 2543 782 2604 exereitus
798 2543 881 2617 dare,
895 2544 947 2605 ubi
959 2546 1067 2607 virtute
1081 2544 1188 2624 insigni
1206 2542 1297 2605 duois·
1304 2543 1430 2605 liberata
1451 2544 1493 2605 ab

535 2639 658 2702 instanti
669 2641 790 2703 excidio
806 2651 904 2704 emina
916 2650 1021 2704 ment.
1062 2641 1160 2722 Igitur
1171 2641 1278 2702 seriem
1291 2661 1387 2702 rerum
1400 2650 1493 2723 atque

535 2746 701 2820 temporum
731 2741 915 2802 examinanti
940 2740 980 2802 ad
1005 2739 1120 2802 Nolam
1146 2748 1273 2824 accepta
1293 2739 1422 2818 ridetur,
1448 2741 1491 2804 ad

536 2835 701 2920 Pompeios
715 2837 829 2899 merita.

398 2935 922 3095 ιιιῑιιιιιι
935 2933 1174 3114 lituu}
1188 2934 1491 3107 tulitin

535 3148 606 3189 nam
620 3129 797 3192 Picentibus
808 3139 936 3210 gentem,
941 3129 1169 3212 expeditionem
1182 3129 1272 3192 lecit:
1286 3151 1396 3212 eosque
1410 3133 1489 3194 mul-

533 3233 568 3285 to
586 3228 747 3288 certamine
767 3229 811 3288 ita
831 3227 958 3300 domuit,
979 3235 1013 3287 ut
1035 3226 1158 3308 palam
1150 3235 1227 3288 inter
1238 3249 1271 3288 se
1284 3227 1323 3288 de
1335 3227 1490 3292 deditione

534 3323 691 3400 agitarent.
732 3323 792 3384 (lui
810 3322 902 3384 lerme
921 3325 1045 3403 tempori
1062 3323 1245 3404 oolloquium
1263 3344 1333 3385 cum
1352 3319 1394 3386 P
1407 3325 1489 3387 Vet-

533 3418 577 3478 tio
590 3417 719 3492 Catone,
732 3419 812 3500 quod
830 3439 862 3480 se
876 3420 970 3480 tirone
983 3429 1126 3502 presente
1138 3420 1273 3482 habitum
1293 3420 1402 3482 Gioero
1414 3423 1490 3483 sori-

389 3523 443 3576 cic.
451 3523 517 3576 Phil.
534 3517 590 3588 bit,
603 3515 744 3596 assigned
756 3525 871 3598 potest.
893 3515 932 3578 ad
945 3515 1026 3598 quod
1039 3537 1107 3578 eum
1124 3517 1217 3579 irater
1234 3517 1363 3580 oonsulis
1375 3517 1490 3582 sextu

373 3595 492 3641 ¹¹¹·¹¹·
534 3622 676 3674 evooauu
687 3611 792 3676 Ιιιιιιιιι
805 3614 945 3687 uenisset,
959 3614 1178 3694 eumqueOato
1192 3615 1383 3688 ιιιΙιιιιιιιιιι,ι
1395 3636 1488 3697 quem

533 3719 565 3771 te
578 3710 764 3792 appelleml’
783 3711 890 3792 iuquit
931 3711 979 3772 At
990 3711 1080 3786 illest
1095 3712 1248 3774 uoluntate
1262 3713 1418 3794 hospitem,
1433 3733 1487 3775 ue·

532 3809 670 3869 oessitate
687 3809 822 3870 bostem!

467 3945 474 3955 ·
575 3913 625 3968 lo.
647 3905 730 3968 Dum
744 3925 882 3988 prospere
895 3903 1043 3988 Pompeio
1061 3903 1133 3965 loeis
1150 3853 1298 3987 plerisque
1315 3851 1487 3989 expeditio·

532 4022 587 4064 ues
609 4001 730 4076 oedunt,
752 4003 876 4063 alterius
900 4021 1018 4083 quoque
1043 4001 1173 4062 oonsulis
1201 4003 1283 4065 baud
1314 4003 1487 4086 poeuitenda

370 4104 505 4172 Ilultptt.
532 4109 616 4180 gesta
630 4100 764 4162 merant:
789 4120 887 4181 neque
908 4109 1071 4181 postremus
1096 4120 1134 4160 eo
1154 4099 1235 4160 bello
1262 4100 1486 4183 imperatorum,

534 4199 652 4260 Marsos
677 4197 835 4280 aliquoties
859 4196 989 4270 fuderat,
1015 4196 1176 4278 multisque
1197 4196 1272 4259 loeis
1291 4218 1389 4262 aerum
1408 4209 1485 4262 sue-

531 4315 682 4376 onumque
693 4294 800 4355 duoem
812 4302 949 4372 gesserat.
992 4292 1054 4353 Sed
1070 4295 1101 4354 iu
1120 4295 1184 4375 ipso
1200 4314 1286 4355 eursu
1304 4297 1485 4378 prosperita-

530 4394 579 4465 tis,
592 4413 659 4474 spes
670 4391 786 4473 amplas
796 4389 979 4471 gloriamque
993 4389 1135 4453 illustrem
1147 4409 1215 4452 oum
1228 4393 1293 4474 ipsa
1301 4392 1364 4453 vita
1374 4395 1484 4475 posuit.
