3300 5225
407 581 510 632 nranr
536 580 644 632 xorr.
665 579 989 632 surrnnunurnu.
1164 560 1252 631 1781

138 723 283 806 manti„
304 719 408 788 Delati
420 725 540 787 certain
554 725 622 786 loca
631 743 710 786 caca
719 725 819 784 subter
832 733 940 784 terram
952 722 1089 784 incendio

136 822 273 894 infamia,
285 822 367 884 saxis
379 843 497 904 quoque
510 831 542 882 et
555 823 644 882 humo
659 821 743 902 quasi
761 821 885 902 fuligine
899 820 1029 902 quedam
1038 841 1089 880 oc·
1102 834 1173 886 oros.

135 917 253 979 cultum
265 920 363 998 ignem
377 919 577 1001 prodentibus,
590 939 779 999 magnacum
797 918 984 979 solicitudine
1001 917 1094 978 obet:

135 1026 258 1086 rarunt3
280 1014 386 1088 donec,
400 1017 521 1078 tandem
533 1017 585 1077 via
597 1025 724 1098 reperta,
738 1017 768 1076 in
778 1025 878 1076 castra
889 1017 972 1096 regia
981 1017 1090 1078 reversi

135 1121 214 1173 sunt.
257 1113 372 1174 Eodem
392 1123 524 1194 tempore
547 1113 703 1194 praelectus
722 1113 799 1192 regis
817 1112 1000 1183 Eumachus,
1023 1121 1110 1193 post¹

134 1211 270 1287 egregios
294 1229 454 1282 successus,
477 1217 672 1289 necatamque
694 1229 761 1270 cum
782 1208 925 1268 uxoribus
943 1218 974 1268 et
989 1209 1091 1269 liberis
1101 1214 1210 1282 Appiae.

133 1305 248 1366 civium
259 1305 461 1368 Romanorum
474 1327 609 1387 magnam
623 1306 856 1377 multitudinem,
869 1305 989 1366 Pisidia
1001 1303 1089 1366 Isau-

134 1401 234 1482 risque
254 1403 394 1476 subactis,
408 1403 519 1465 Cilicia
537 1412 663 1475 tentata,
683 1423 751 1464 curn
775 1403 805 1463 in
825 1403 964 1482 Plirygia
976 1402 1089 1462 bellum
1227 1465 1234 1476 ,

94 1567 96 1570 ,
134 1499 293 1571 movissem
322 1501 486 1582 chotarus
508 1499 719 1582 Gallograecire
744 1500 904 1570 tetrarcha,
931 1509 1088 1580 vagantem
1099 1511 1234 1578 Haupt.

134 1605 298 1670 macutus,
312 1618 419 1678 magna
430 1598 518 1660 clade
531 1599 642 1660 affecit.
1100 1577 1171 1628 ⁰¹⁰⁸·

96 1763 97 1766 Ἴ
176 1699 229 1754 21.
251 1693 325 1756 Hoc
337 1697 428 1756 etiem
446 1715 523 1756 anno
536 1694 595 1756 Cn.
609 1695 775 1777 Pompeius
791 1695 822 1786 in
842 1693 996 1776 Hispania
1008 1715 1090 1776 pros-
1099 1706 1155 1758 Ην.
1165 1705 1234 1772 Epir.

132 1809 207 1870 pere
222 1790 346 1854 bellavit
357 1813 426 1854 cum
435 1791 478 1860 Q.
494 1791 644 1853 Sertorio:
658 1793 721 1874 qui,
726 1793 792 1871 jam
806 1793 885 1853 curis
895 1802 928 1853 et
939 1792 1091 1854 laboribus
1115 1804 1225 1872 Appias.
1349 1800 1353 1812 '

132 1887 241 1961 fessus,
253 1897 284 1949 et
297 1889 368 1970 quia
384 1911 416 1950 ss
434 1891 496 1973 peti
514 1891 639 1972 ridebat
655 1911 757 1951 eorum
773 1890 897 1961 insidiis,
913 1891 976 1971 qui,
991 1911 1024 1950 sa
1044 1911 1090 1950 re-
1101 1869 1156 1922 οῖ’·
1165 1887 1186 1922 ¹·
1237 1894 1243 1907 '

132 1994 229 2057 moto,
249 1985 325 2048 salvi
348 2007 411 2047 esse
429 2006 488 2047 non
508 1994 656 2068 poterant,
675 1985 715 2048 ad
732 1986 873 2048 obeunda
885 1987 971 2047 ducis
989 1988 1091 2048 munia

131 2082 263 2160 segnior,
287 2083 318 2142 in
343 2082 447 2144 luxum
466 2092 498 2144 et
522 2082 662 2144 libidines
684 2082 867 2144 declinabat.
908 2082 1001 2143 Unde
1020 2103 1090 2144 cum

130 2177 317 2259 frequentius
329 2181 543 2254 succumberet,
557 2179 692 2261 quotidie
707 2179 747 2241 ad
759 2181 834 2241 iram
847 2181 977 2262 pronior,
989 2178 1091 2245 multis

131 2278 175 2337 ob
193 2278 391 2359 suspicionem
399 2277 470 2345 ,doli
483 2278 641 2340 crudeliter
653 2279 826 2350 interfectis,
839 2287 955 2340 ceteros
966 2277 1006 2339 ad
1024 2299 1089 2340 ma·

130 2374 293 2436 tutandam
305 2377 537 2455 conjurationem
549 2377 711 2438 acrioribus
722 2376 851 2438 stimulis
862 2376 1008 2439 incitavit.

175 2478 227 2534 Ὦ.
249 2473 345 2534 Erant
362 2472 408 2533 illi
423 2475 489 2553 jam
508 2483 608 2547 antea,
630 2474 717 2534 simul
737 2494 777 2535 ex
801 2474 914 2553 ingenti
929 2482 1021 2548 mem,
1035 2494 1089 2556 per
1115 2496 1250 2552 phem,

129 2568 274 2631 virtutem
284 2578 374 2653 atque
386 2569 561 2633 felicitatem
573 2569 706 2644 Sertorii,
720 2571 834 2636 animos
845 2570 885 2631 ad
897 2590 981 2654 spem
993 2579 1088 2632 trans
1098 2579 1122 2617 ⁰·
1132 2569 1176 2617 ⁴¹·

130 2662 276 2739 tulerant,
288 2666 381 2729 livore
391 2676 423 2728 et
434 2668 623 2729 emulatione
635 2668 777 2749 potentiae
790 2666 916 2727 infensi:
937 2675 969 2729 et
977 2668 1089 2729 crebris

130 2764 299 2846 Perpernae
310 2765 491 2825 sermonibus
502 2764 746 2836 incendebantur,
760 2764 812 2845 qui
824 2764 883 2825 sibi
895 2763 997 2825 deberi
1008 2785 1089 2825 sum—

130 2882 216 2923 mam
228 2862 343 2943 imperii
355 2870 473 2943 propter
487 2862 672 2923 nobilitatem
685 2864 799 2941 generis
808 2862 1007 2923 existimabat.
1032 2860 1088 2923 ld-

129 2960 216 3021 circo
229 2958 417 3020 clandestinis
429 2960 594 3041 opprobriis
606 2958 771 3021 Sertorium
779 2958 860 3039 apud
868 2958 1005 3019 credulos
1015 2978 1088 3020 one·

129 3055 241 3129 raudo,
266 3059 374 3117 sortem
406 3076 490 3117 suam
520 3065 743 3136 ceterorumque
773 3053 918 3116 invidiose
945 3054 1088 3117 deflebat.

132 3152 238 3219 ‘Quis
261 3152 363 3225 enim,5
383 3152 491 3233 inquit,
512 3153 628 3213 ‘malus
651 3154 754 3232 genius
776 3172 812 3213 co
835 3151 1014 3213 calamitatis
1035 3171 1091 3212 nos

130 3248 290 3331 compulit,
303 3259 338 3311 ut
355 3248 449 3330 Syllae
466 3258 608 3311 terrarum
625 3250 756 3312 omnium
768 3249 915 3331 marisque
927 3248 1088 3310 dominium

130 3348 281 3408 obtinenti
292 3366 394 3427 parere
403 3345 565 3426 dedignati,
579 3347 631 3407 ubi
644 3346 777 3408 licuisset
794 3346 876 3406 domi
889 3347 1087 3418 manentibus,

128 3444 221 3505 salva
238 3444 396 3523 dignitate,
413 3444 504 3506 salvis
515 3443 710 3505 facultatibus
722 3446 753 3504 in
772 3444 834 3505 otio
849 3442 967 3523 degere,
984 3442 1086 3503 Serto-
1171 3512 1176 3520 ¹
1337 3488 1341 3495 .

129 3542 209 3601 rium
222 3561 379 3623 sequamur
386 3562 395 3612 ς
417 3550 449 3604 et
457 3542 654 3603 voluntariam
667 3542 723 3603 sub
737 3542 818 3602 inani
829 3540 977 3601 libertatis
987 3533 1087 3621 specie
1269 3532 1275 3541 ’

129 3638 304 3701 serrimtem
318 3638 460 3721 amplexi,
474 3640 557 3701 dicto
569 3640 665 3723 erulis
678 3659 814 3719 geramus
824 3639 958 3701 moreml
991 3638 1086 3717 Egre-

130 3738 184 3817 gio
201 3736 319 3797 scilicet
336 3738 470 3819 praemio,
488 3737 568 3818 quod
589 3736 715 3799 ridicula
735 3738 872 3797 omnibns
887 3733 1088 3817 appellatione

129 3844 255 3895 senatus
268 3854 423 3905 vocamur3
445 3834 619 3898 subdecano
632 3834 761 3906 nornine,
774 3854 833 3894 non
844 3834 940 3895 minus
952 3831 1086 3892 laborum

130 3930 446 4013 contumeliarumque,
468 3952 503 3992 ac
519 3932 544 3992 si
558 3931 702 3993 Celtiberi
721 3938 775 3991 aut
790 3930 926 3991 Lusitani
946 3948 1086 3999 mamus,

131 4029 335 4112 perferentes!

173 4134 229 4189 2³..
248 4125 316 4187 ‘At
327 4128 378 4209 qui
388 4124 497 4189 Romae
509 4134 719 4201 remanserunt,
727 4141 796 4187 curn
806 4122 996 4206 amplissimis
1003 4140 1087 4183 emo·

130 4349 594 4417 Europsregiosstnubiany·
627 4350 677 4401 nie
690 4347 851 4415 stPlrryglrs
867 4345 1031 4416 frequentius
1041 4358 1085 4397 ro·

131 4419 174 4469 sis
191 4420 219 4469 in
237 4416 301 4469 Asis
318 4416 390 4483 regio
402 4410 591 4481 ricinaBitlry·
627 4426 712 4469 cetur.
730 4416 802 4468 Grec·
