3300 5225
907 608 943 657 n.
967 607 1064 658 btvrt

590 754 681 815 dubie
706 764 806 835 portus
830 754 984 834 reperhrri,
1010 753 1063 813 ubi
1087 760 1193 812 vestm
1217 772 1236 812 e
1261 753 1425 833 propinquo
1446 771 1524 812 rocca

590 861 793 931 agnoscentur.
836 849 876 911 In
888 850 947 910 boc
959 870 1018 912 non
1034 852 1130 929 magis
1146 850 1301 912 victoriam
1321 868 1427 920 meam,
1445 870 1524 930 quam

590 959 717 1012 vestram
738 948 970 1010 incolumitatem
986 949 1075 1008 sitnm
1095 968 1159 1008 erse
1176 949 1291 1008 scitote.
1332 945 1423 1014 Quod
1433 946 1457 1005 ei
1467 947 1525 1027 quis

589 1049 666 1110 forte
678 1047 791 1126 iugem,
809 1055 864 1105 aut
880 1045 1075 1126 proditionem
1095 1055 1209 1106 tentore
1229 1044 1367 1116 voluerit,
1380 1064 1399 1104 a
1411 1063 1456 1103 rne
1467 1065 1524 1124 pro

590 1145 749 1216 videbitur,
771 1153 806 1204 ut
824 1142 908 1204 nullo
925 1163 1022 1223 neque
1044 1151 1144 1203 nostro
1164 1143 1285 1214 damno,
1305 1161 1402 1222 neque
1419 1161 1525 1200 suornm

589 1241 758 1313 commodo,
778 1249 928 1301 extremos
943 1240 1001 1300 sibi
1015 1241 1164 1300 cruciabis
1175 1239 1359 1302 arcessivisse
1371 1238 1526 1318 intellignt'

590 1339 713 1412 Omnia,
725 1340 803 1399 sicut
816 1336 904 1418 Sylla
915 1346 1082 1418 optaverat,
1094 1335 1267 1398 obedienter
1279 1336 1370 1397 lacta.
1404 1335 1526 1396 Eventus

590 1437 679 1496 etiam
702 1436 799 1497 affuit.
846 1433 977 1515 Recepti
998 1455 1051 1514 pro
1074 1434 1178 1494 amicis
1198 1433 1261 1494 late
1281 1453 1335 1515 per
1356 1441 1421 1494 tota
1440 1443 1527 1493 ceste

588 1543 725 1593 terrorem
738 1531 909 1612 caedemque
922 1529 1086 1591 ediderunt.

629 1637 659 1691 9.
681 1629 745 1690 His
766 1627 971 1701 incommodis,
988 1637 1020 1688 et
1039 1627 1111 1708 quia
1127 1628 1247 1689 barbari
1264 1637 1374 1689 temere
1392 1617 1525 1688 sabundo

484 1729 491 1744 ⁹
588 1724 681 1798 culta,
694 1728 848 1808 penuriam
866 1726 924 1786 sibi
945 1734 1163 1786 commeatuum
1182 1745 1222 1784 ex
1240 1744 1348 1804 magne
1359 1723 1526 1806 copiat‘ece·

587 1833 665 1894 rent,
678 1823 851 1884 Archelaus
869 1821 909 1882 ad
929 1821 1107 1883 Chalcidem
1126 1821 1309 1882 retrocedere
1320 1822 1436 1891 statuit,
1455 1821 1526 1880 nbis

587 1920 742 1981 maritimis
766 1918 1007 1981 subvectionibus
1029 1917 1232 1979 abundaturus
1252 1927 1423 1980 commeatu
1448 1926 1525 1978 eret:

585 2016 658 2077 dum
678 2017 811 2078 Romani
832 2017 911 2078 fame
931 2035 967 2076 ac
987 2017 1088 2095 iuopia
1103 2035 1200 2075 rernm
1218 2015 1351 2076 omnium
1366 2016 1397 2073 in
1416 2015 1527 2074 rmus

586 2115 665 2192 agris
689 2122 893 2174 attererentur.
942 2111 1016 2172 Non
1042 2110 1169 2172 fallebat
1195 2111 1325 2193 Syllum,
1348 2111 1423 2192 qnid
1445 2111 1527 2171 host'u

585 2209 747 2271 moliretur.
789 2209 888 2290 Igitur
899 2207 1096 2269 dioeedentem
1110 2207 1233 2288 provide
1244 2217 1375 2279 acutus,
1395 2227 1525 2288 nequese

568 2307 680 2370 'dabat
692 2309 722 2369 in
735 2307 903 2378 discrimen,
916 2315 948 2368 et
956 2306 1040 2366 illum
1052 2304 1156 2386 qualia
1167 2305 1310 2366 voluisset
1321 2306 1428 2365 itinera
1439 2305 1526 2364 iacere

585 2406 771 2486 prohibebat.
814 2404 867 2465 Ita
882 2413 1003 2464 ventum
1024 2401 1064 2462 sd
1084 2400 1281 2462 Chreroneam
1299 2410 1355 2473 est,
1375 2400 1526 2462 Plutarchi

585 2501 693 2562 nobilis
705 2501 875 2583 philosophi
887 2498 1038 2560 natalibus
1055 2496 1212 2572 illustrem,
1232 2499 1284 2580 qui
1302 2518 1400 2560 rernm
1417 2500 1526 2559 moun

584 2598 736 2659 historiam
747 2597 922 2679 composuit.
1334 2645 1339 2653 .

627 2701 677 2755 10.
701 2694 776 2754 Erat
788 2696 865 2754 inter
877 2694 991 2755 nuxilia
1003 2695 1146 2757 Romana
1158 2693 1401 2757 Chaeronensium
1412 2694 1526 2754 cobus:

585 2811 653 2871 qnae
667 2792 769 2872 putria
782 2790 915 2871 periculo
927 2800 1018 2863 mota,
1031 2793 1129 2853 orarit
1141 2791 1270 2874 Syllum,
1284 2812 1322 2851 ne
1331 2791 1463 2851 hostibus
1472 2808 1527 2849 csse

585 2886 693 2969 pruedoe
706 2896 866 2968 pateretur.
908 2886 995 2966 Sylla
1011 2897 1044 2949 et
1055 2887 1123 2949 illos
1134 2888 1174 2949 ad
1187 2887 1356 2970 presidium
1367 2888 1472 2968 patriae
1483 2905 1527 2946 oc·

583 3004 701 3045 currere
717 2984 817 3063 jussit,
840 2993 961 3044 etcum
984 3004 1045 3045 une
1066 2984 1181 3063 legione
1200 2983 1365 3044 Gabinium
1385 2984 1527 3044 tribunum

584 3081 711 3142 militum
725 3100 761 3141 eo
773 3080 862 3140 misit
903 3080 1061 3162 Tantaque
1074 3081 1279 3143 Romanorum
1292 3077 1450 3160 diligentia
1466 3080 1526 3149 init,

585 3188 629 3250 ut,
642 3179 672 3239 in
685 3176 831 3239 servando
843 3178 965 3259 oppido,
986 3177 1229 3240 Gbaemnensium
1247 3180 1390 3259 ipsorum,
1404 3179 1476 3239 licet
1488 3179 1527 3237 in·

584 3274 736 3336 flammata
747 3274 846 3336 dudio
854 3276 1039 3355 preveniret
1071 3276 1210 3348 Barbari,
1223 3296 1276 3357 spe
1287 3275 1423 3357 potiundi
1432 3273 1528 3356 oppidi

584 3372 702 3443 amine,
721 3372 751 3431 in
770 3371 884 3431 Thurio
906 3370 1126 3451 (confragosum
1139 3371 1299 3433 admodum
1311 3380 1344 3431 et
1356 3381 1527 3453 proruptum

583 3488 672 3549 supra
685 3467 880 3529 Chaeroneam
891 3461 1033 3531 acumen
1044 3473 1103 3548 est)
1116 3470 1220 3531 velido
1227 3469 1377 3532 collocato
1386 3467 1529 3551 prasidio,

583 3564 663 3626 haud
676 3566 780 3647 procul
793 3564 863 3627 inde
874 3574 974 3626 casua
983 3578 1151 3647 posuerunt

479 3675 486 3690 ·
520 3710 528 3729 ,
625 3668 674 3722 11.
685 3660 734 3721 At
742 3660 1067 3743 Sylla,aestimotoloci
1079 3662 1439 3742 ingenio,cumbarbcros
1449 3680 1529 3724 suem

582 3760 663 3840 ipsos
682 3758 902 3819 multitudinem
923 3758 1058 3819 inutilem
1078 3759 1231 3831 effecisse;
1253 3762 1311 3822 sibi
1330 3760 1379 3821 vel
1398 3761 1438 3822 ad
1458 3759 1529 3821 inle-

582 3855 704 3917 rendum
718 3856 854 3937 gradum,
875 3857 926 3917 vel
946 3856 986 3917 ad
1003 3856 1188 3919 referendum
1207 3855 1326 3919 abunde
1344 3858 1449 3939 spatii;
1472 3856 1530 3918 illis

582 3964 707 4032 augusta
718 3956 818 4015 omnia
837 3962 869 4015 et
890 3953 1045 4035 impedita,
1065 3964 1210 4024 cerneret3
1232 3954 1314 4036 quod
1326 3955 1469 4016 bectenus
1479 3953 1528 4013 de·

581 4059 769 4121 trectavcrat‚
784 4050 919 4132 praelium
929 4060 1069 4139 appetere
1080 4050 1181 4133 coepit,
1196 4050 1368 4132 hostemque
1380 4050 1529 4111 lacessere.

451 4176 466 4209 ι
479 4194 486 4211 .
584 4148 787 4229 Quapropter,
801 4146 940 4207 bifariam
952 4148 1055 4209 divisis
1067 4148 1173 4229 copiis,
1185 4148 1301 4209 sinistro
1309 4167 1401 4208 cornu
1414 4147 1450 4207 L.
1460 4146 1528 4207 Mu*-

582 4264 691 4305 raenam
712 4242 855 4325 praefecit,
875 4245 907 4304 in
923 4243 1030 4305 dextro
1045 4254 1218 4305 coramrus:
1239 4244 1424 4306 novissimam
1436 4243 1529 4305 eciem

582 4360 650 4403 cum
663 4342 845 4403 subsidiariis
856 4342 1027 4403 cohortibus
1039 4341 1192 4424 Sulpicius
1204 4350 1235 4402 et
1247 4341 1427 4403 Hortensius
1440 4340 1529 4419 legati

582 4438 765 4513 obtinebant,
791 4441 835 4501 ita
853 4440 1000 4523 dispositi,
1025 4449 1059 4502 nt
1082 4442 1325 4540 circumveniaris
1345 4442 1440 4505 aciem
1463 4437 1528 4501 lto
