3300 5225
384 558 472 625 uss

861 578 895 628 Τ.
920 574 1015 627 nlvtl

587 727 619 780 ⁶.
640 719 744 782 ‘Hac
755 722 943 783 tumamoris
955 738 1125 802 quenqusm
1142 718 1194 781 din
1201 721 1268 801 jem
1282 722 1421 800 petimur,
1433 732 1498 783 eret

547 825 647 877 minen
671 818 814 878 nonnulle
837 818 1012 889 consolatio,
1039 816 1120 898 quod
1151 816 1249 878 ndhnc
1275 817 1375 879 dolere
1400 820 1498 881 vicem

547 923 676 975 nostrum
693 924 726 975 et
737 915 910 996 reipublicae
923 916 1066 986 misereri,
1080 924 1226 996 postremo
1244 935 1383 977 uccusnre
1398 916 1496 998 prodi·

545 1022 624 1075 tores
638 1013 757 1092 licebst.
799 1010 894 1071 Nunc
915 1012 1007 1071 etiarn
1022 1012 1079 1071 lroc
1097 1011 1242 1071 auxilium
1262 1012 1347 1073 nobis
1363 1022 1498 1094 ereptum

544 1119 627 1183 eunt,
642 1110 788 1180 tinnites,
800 1116 862 1170 torn
875 1110 953 1190 turpi
963 1106 1145 1169 confessione
1158 1126 1258 1180 noxae,
1268 1117 1303 1169 ut
1314 1128 1382 1189 quse
1390 1110 1497 1189 jussis-

544 1207 583 1267 tis
601 1207 666 1288 lege
686 1205 771 1267 reddi
781 1204 914 1285 judicis,
932 1204 981 1265 isti
1002 1212 1114 1276 vetent,
1136 1224 1248 1283 vosque
1269 1212 1301 1265 et
1317 1204 1383 1266 lraec
1398 1207 1499 1267 omnin

544 1305 639 1386 perire
655 1304 772 1375 malint,
794 1321 885 1383 quem
905 1312 958 1363 sut
972 1300 1110 1363 desistere
1127 1322 1146 1362 n
1163 1300 1335 1383 perniciosis
1354 1302 1497 1377 consiliis,

412 1449 415 1459 ,
544 1388 596 1462 sut
599 1402 782 1481 judiciorum
794 1400 894 1460 subire
906 1398 1073 1461 discrimen.
1085 1432 1092 1445 ·

584 1505 615 1563 ⁷.
637 1498 743 1559 ‘Proh
761 1497 862 1558 Deum
876 1506 965 1577 utque
978 1496 1129 1559 hominum
1142 1494 1232 1556 fidem
1244 1495 1253 1555 l
1275 1516 1338 1557 esse
1352 1496 1382 1556 in
1402 1496 1499 1559 libers

543 1596 677 1666 civitnte,
699 1596 751 1676 qni
773 1594 852 1655 hone
869 1594 927 1653 sibi
947 1593 1111 1675 potentium
1131 1602 1279 1673 arrogent,
1297 1602 1332 1654 ut
1347 1615 1401 1655 sno
1417 1596 1497 1657 orbi-

543 1701 624 1753 trntu
637 1691 757 1754 cludere
770 1692 860 1772 leges,
871 1691 976 1751 tollere
982 1690 1102 1771 judicio
1114 1691 1214 1751 ausint
1227 1693 1235 1751 l
1280 1690 1430 1761 Quorsum
1444 1712 1497 1753 su·

544 1798 604 1849 tem
625 1790 682 1851 istu
706 1790 829 1852 licentio
849 1790 989 1871 pertinet,
1011 1788 1166 1856 Quirites?
1187 1786 1322 1849 Aliudne
1341 1790 1497 1869 qnoeritur,

379 1881 382 1892 '
456 1925 458 1932 ,
542 1886 804 1968 qusmutoudsts
815 1888 896 1948 omni
908 1885 1007 1966 legum
1022 1885 1160 1967 prmsidio
1168 1886 1287 1967 impune
1297 1894 1499 1969 prostemntur

542 1985 731 2067 respublica?
765 1983 830 2045 Gur
842 1984 919 2045 enim
928 1982 1048 2063 judicis
1060 1981 1188 2061 fugiunt,
1201 1982 1227 2041 si
1239 1990 1387 2043 tentorum
1401 1983 1496 2045 scele-

542 2103 607 2143 rum
618 2084 686 2144 ‘sibi
703 2104 762 2143 non
784 2091 854 2143 sunt
870 2080 1006 2143 conscii'l
1026 2080 1070 2140 sin
1089 2100 1171 2152 vero,
1189 2100 1243 2141 our
1262 2080 1368 2142 vivunt
1388 2084 1418 2142 in
1438 2082 1498 2145 hoc

543 2180 666 2261 populo,
686 2200 776 2261 quem
798 2179 940 2249 oderunt3
962 2178 992 2237 in
1012 2178 1069 2238 hec
1091 2178 1225 2250 civitate,
1245 2198 1336 2259 quum
1354 2180 1497 2242 vendide-

541 2278 699 2435 mgl‘lsed
707 2348 810 2435 vereor
819 2372 942 2435 neforto
952 2394 1004 2455 per
1011 2374 1191 2435 columniam
1205 2393 1314 2434 rexere
1327 2374 1498 2437 innoeentes
1533 2386 1541 2397 ·

541 2469 653 2531 videor.
683 2458 763 2530 'Non
784 2471 864 2529 enim
886 2472 1021 2532 sbnuunt
1031 2470 1162 2550 judicie,
1184 2469 1236 2530 sed
1254 2478 1369 2532 tentum
1390 2472 1430 2533 ed
1450 2494 1498 2534 res

541 2566 656 2647 quietos
668 2565 820 2638 differunt,
831 2574 863 2628 et
873 2568 1053 2650 pacatiorem
1063 2576 1173 2628 stetunn
1185 2566 1325 2637 ciyitetis.
1361 2568 1390 2630 Ο
1406 2570 1496 2631 stulte

540 2665 705 2747 simplicem
722 2664 865 2745 populum
883 2663 1068 2737 Romanum,
1088 2665 1113 2725 si
1135 2667 1245 2746 potitur
1257 2665 1304 2726 his
1316 2673 1377 2728 tum
1390 2669 1497 2728 crassis

540 2761 696 2842 praestigiis
715 2761 774 2820 sibi
787 2761 911 2840 imponi,
925 2762 1033 2840 quibus
1050 2782 1087 2822 ne
1102 2761 1222 2822 servilis
1241 2762 1361 2844 quidem
1379 2764 1497 2843 ingenis

538 2857 743 2918 circumveniri
765 2857 954 2938 peterenturl
998 2857 1036 2917 In
1062 2859 1256 2939 praesentibus
1280 2861 1496 2941 prementibus-

539 2973 598 3033 que
611 2953 698 3014 nnnlis
711 2963 745 3013 et
757 2955 901 3014 universe
910 2953 1004 3013 ruinae
1018 2962 1098 3014 metu
1111 2953 1257 3014 celeribus
1269 2955 1408 3018 remediis
1420 2978 1497 3039 opus

458 3087 460 3091 .
538 3058 603 3110 est:
625 3070 694 3132 quse
713 3051 847 3131 quisquis
861 3050 890 3109 in
907 3049 961 3110 illn
976 3058 1111 3132 tempore
1128 3050 1239 3129 rejicit,
1261 3051 1311 3110 ubi
1327 3051 1417 3113 futuri
1430 3073 1494 3114 nm·

539 3146 617 3227 plius
632 3167 691 3206 non
709 3157 777 3206 sunt
794 3146 902 3225 quibus
916 3145 1124 3219 edhiliesntur,
1142 3145 1227 3206 illum
1240 3155 1293 3206 out
1311 3151 1428 3228 egregie
1447 3150 1494 3210 fs·

539 3251 622 3302 urum
635 3263 709 3313 esse,
723 3250 777 3302 eut
787 3261 901 3300 summe
915 3242 1080 3322 improbum
1094 3251 1219 3324 oportet.

578 3347 609 3401 9.
630 3339 797 3400 ‘Incendio
808 3337 886 3400 sorte
899 3339 1004 3398 oborto
1018 3337 1142 3410 aedibus,
1156 3339 1262 3420 siquis
1272 3339 1369 3400 offerri
1384 3359 1494 3419 equom

424 3428 431 3439 ’
537 3446 569 3497 et
587 3437 728 3515 restingui
743 3435 878 3496 llnmmss
896 3436 1074 3516 prohiberet,
1092 3434 1187 3496 donec
1206 3436 1350 3496 tumultus
1369 3437 1494 3518 conqui-
1539 3475 1557 3492 ,

537 3544 625 3604 esset,
638 3534 761 3594 obsecro
774 3553 838 3603 vos,
854 3531 1001 3603 Quirites,
1015 3530 1135 3611 quslem
1155 3552 1216 3592 esse
1230 3531 1389 3596 diceretis?
1422 3531 1494 3593 Jnm

532 3629 765 3710 ⁸pulcherrimum
777 3629 835 3688 hoc
851 3626 1010 3689 aedificium
1030 3627 1144 3708 imperii
1164 3627 1297 3688 Romani
1310 3627 1416 3708 flngrst
1427 3629 1494 3689 bel·

479 3714 483 3720 ⁵
539 3725 586 3785 lo:
608 3726 715 3788 lambit
726 3727 822 3806 ipsum
832 3725 936 3784 urbem
948 3724 1035 3804 ignis,
1045 3743 1259 3806 corporumque
1270 3733 1301 3784 et
1311 3725 1493 3793 fortunarum

538 3830 700 3882 vestrarum
720 3823 850 3882 omnium
874 3820 974 3881 sedem
998 3829 1087 3902 etque
1109 3820 1291 3881 domicilium
1313 3820 1405 3881 efflat.
1449 3821 1494 3881 Et

538 3928 606 3979 sunt
618 3921 707 3999 (proh
718 3939 831 3978 summe
843 3917 973 4000 Jupiter,
992 3939 1103 3998 vosque
1118 3917 1172 3978 Dii
1187 3917 1332 3999 Deaeque,
1346 3927 1495 3999 quotquot

538 4017 640 4077 urbem
652 4017 731 4098 lrenc
745 4015 873 4076 incolitis
883 4017 907 4095 l)
928 4015 982 4097 qui
995 4017 1132 4076 resistent
1150 4017 1328 4096 restinguere
1346 4017 1493 4098 cupienti·

537 4114 603 4183 bns,
617 4122 705 4192 etque
718 4111 802 4186 ,odeo
820 4111 1015 4175 incendiarios
1029 4114 1107 4192 ipsos
1111 4113 1239 4191 jubeant
1251 4113 1383 4184 tolerari,
1396 4111 1493 4174 donec

420 4219 424 4222 ’
537 4209 826 4289 scilicetpericulum
840 4218 1004 4291 praeterent.
1033 4209 1094 4270 Sed
1107 4209 1181 4290 quid
1195 4231 1269 4292 opus
1280 4219 1325 4270 est
1337 4211 1493 4292 pluribus?

539 4305 613 4366 Non
630 4305 769 4377 difficilis,
787 4327 842 4366 nec
860 4307 986 4367 obscure
1003 4306 1158 4387 praedictio
1176 4315 1230 4366 est.
1273 4307 1316 4366 Et
1327 4327 1412 4367 omen
1426 4309 1494 4388 qui-

536 4402 606 4463 dem
619 4401 673 4464 Dii
685 4412 820 4464 evertunt
832 4404 840 4466 Ι
863 4403 936 4476 Sed,
951 4404 1005 4464 nisi
1017 4404 1090 4464 dum
1100 4405 1188 4464 vestri
1199 4404 1277 4484 juris
1291 4404 1373 4477 estis,
1387 4404 1492 4471 Quiri-
