<?xml version="1.0" encoding="UTF-8"?>
<!DOCTYPE html PUBLIC "-//W3C//DTD XHTML 1.0 Transitional//EN"
    "http://www.w3.org/TR/xhtml1/DTD/xhtml1-transitional.dtd">
<html xmlns="http://www.w3.org/1999/xhtml" xml:lang="en" lang="en">
 <head>
  <title>
</title>
<meta http-equiv="Content-Type" content="text/html;charset=utf-8" />
  <meta name='ocr-system' content='tesseract 3.04.00' />
  <meta name='ocr-capabilities' content='ocr_page ocr_carea ocr_par ocr_line ocrx_word'/>
</head>
<body>
  <div class='ocr_page' id='page_1' title='image "./tliviipatavinih01rupegoog_0429.png"; bbox 0 0 3300 5225; ppageno 0'>
   <div class='ocr_carea' id='block_1_1' title="bbox 395 569 1261 645">
    <p class='ocr_par' dir='ltr' id='par_1_1' title="bbox 395 569 1261 645">
     <span class='ocr_line' id='line_1_1' title="bbox 395 569 1261 645; baseline 0.006 -7"><span class='ocrx_word' id='word_1_1' title='bbox 395 589 501 641; x_wconf 82' lang='lat' dir='ltr'><strong>niani</strong></span> <span class='ocrx_word' id='word_1_2' title='bbox 525 591 667 642; x_wconf 83' lang='lat' dir='ltr'><strong>xcvrrr.</strong></span> <span class='ocrx_word' id='word_1_3' title='bbox 687 569 1015 644; x_wconf 77' lang='lat' dir='ltr'><strong>suranauaunuu.</strong></span> <span class='ocrx_word' id='word_1_4' title='bbox 1174 577 1261 645; x_wconf 71' lang='lat'><strong>485⁷</strong></span> 
     </span>
    </p>
   </div>
   <div class='ocr_carea' id='block_1_2' title="bbox 141 731 1235 4514">
    <p class='ocr_par' dir='ltr' id='par_1_2' title="bbox 141 731 1178 1182">
     <span class='ocr_line' id='line_1_2' title="bbox 141 731 1169 818; baseline 0.007 -26"><span class='ocrx_word' id='word_1_5' title='bbox 141 735 209 812; x_wconf 80' lang='lat' dir='ltr'><strong>jam</strong></span> <span class='ocrx_word' id='word_1_6' title='bbox 222 731 391 804; x_wconf 82' lang='lat' dir='ltr'><strong>deficiente,</strong></span> <span class='ocrx_word' id='word_1_7' title='bbox 402 753 472 795; x_wconf 87' lang='lat' dir='ltr'><strong>cunr</strong></span> <span class='ocrx_word' id='word_1_8' title='bbox 490 743 632 816; x_wconf 76' lang='lat' dir='ltr'><strong>praterea</strong></span> <span class='ocrx_word' id='word_1_9' title='bbox 648 735 767 808; x_wconf 85' lang='lat' dir='ltr'><strong>milites,</strong></span> <span class='ocrx_word' id='word_1_10' title='bbox 782 738 835 818; x_wconf 91' lang='lat' dir='ltr'><strong>qui</strong></span> <span class='ocrx_word' id='word_1_11' title='bbox 853 736 927 797; x_wconf 90' lang='lat' dir='ltr'><strong>inter</strong></span> <span class='ocrx_word' id='word_1_12' title='bbox 943 735 1022 797; x_wconf 83' lang='lat' dir='ltr'><strong>levia</strong></span> <span class='ocrx_word' id='word_1_13' title='bbox 1033 753 1097 796; x_wconf 86' lang='lat' dir='ltr'><strong>cer·</strong></span> <span class='ocrx_word' id='word_1_14' title='bbox 1110 744 1169 801; x_wconf 80' lang='lat' dir='ltr'><strong>Dio.</strong></span> 
     </span>
     <span class='ocr_line' id='line_1_3' title="bbox 146 831 1096 912; baseline 0 -18"><span class='ocrx_word' id='word_1_15' title='bbox 146 833 263 894; x_wconf 84' lang='lat' dir='ltr'><strong>tamina</strong></span> <span class='ocrx_word' id='word_1_16' title='bbox 278 831 393 909; x_wconf 85' lang='lat' dir='ltr'><strong>sagittis</strong></span> <span class='ocrx_word' id='word_1_17' title='bbox 412 831 651 905; x_wconf 79' lang='lat' dir='ltr'><strong>vulnerabantur,</strong></span> <span class='ocrx_word' id='word_1_18' title='bbox 664 842 718 894; x_wconf 94' lang='lat' dir='ltr'><strong>aut</strong></span> <span class='ocrx_word' id='word_1_19' title='bbox 733 837 813 895; x_wconf 86' lang='lat' dir='ltr'><strong>inter</strong></span> <span class='ocrx_word' id='word_1_20' title='bbox 824 834 990 895; x_wconf 87' lang='lat' dir='ltr'><strong>curandum</strong></span> <span class='ocrx_word' id='word_1_21' title='bbox 1002 853 1096 912; x_wconf 84' lang='lat' dir='ltr'><strong>more-</strong></span> 
     </span>
     <span class='ocr_line' id='line_1_4' title="bbox 145 921 1178 1002; baseline 0.009 -14"><span class='ocrx_word' id='word_1_22' title='bbox 145 921 258 1000; x_wconf 78' lang='lat' dir='ltr'><strong>rentur,</strong></span> <span class='ocrx_word' id='word_1_23' title='bbox 279 937 332 988; x_wconf 91' lang='lat' dir='ltr'><strong>aut</strong></span> <span class='ocrx_word' id='word_1_24' title='bbox 351 929 559 990; x_wconf 75' lang='lat' dir='ltr'><strong>mutilarentur</strong></span> <span class='ocrx_word' id='word_1_25' title='bbox 580 931 735 1000; x_wconf 85' lang='lat' dir='ltr'><strong>membris;</strong></span> <span class='ocrx_word' id='word_1_26' title='bbox 757 932 911 992; x_wconf 73' lang='lat' dir='ltr'><strong>Artaxata</strong></span> <span class='ocrx_word' id='word_1_27' title='bbox 933 951 1034 992; x_wconf 83' lang='lat' dir='ltr'><strong>versus</strong></span> <span class='ocrx_word' id='word_1_28' title='bbox 1050 932 1095 990; x_wconf 91' lang='lat' dir='ltr'><strong>in·</strong></span> <span class='ocrx_word' id='word_1_29' title='bbox 1109 943 1178 1002; x_wconf 73' lang='lat' dir='ltr'><strong>Plur,</strong></span> 
     </span>
     <span class='ocr_line' id='line_1_5' title="bbox 146 1025 1096 1110; baseline 0.006 -27"><span class='ocrx_word' id='word_1_30' title='bbox 146 1025 248 1084; x_wconf 88' lang='lat' dir='ltr'><strong>stituit</strong></span> <span class='ocrx_word' id='word_1_31' title='bbox 260 1025 327 1096; x_wconf 86' lang='lat' dir='ltr'><strong>iter,</strong></span> <span class='ocrx_word' id='word_1_32' title='bbox 338 1025 390 1085; x_wconf 94' lang='lat' dir='ltr'><strong>ubi</strong></span> <span class='ocrx_word' id='word_1_33' title='bbox 403 1025 638 1106; x_wconf 84' lang='lat' dir='ltr'><strong>regia&#39;l&#39;igranis,</strong></span> <span class='ocrx_word' id='word_1_34' title='bbox 650 1037 761 1089; x_wconf 86' lang='lat' dir='ltr'><strong>etcum</strong></span> <span class='ocrx_word' id='word_1_35' title='bbox 770 1030 870 1110; x_wconf 79' lang='lat' dir='ltr'><strong>parvis</strong></span> <span class='ocrx_word' id='word_1_36' title='bbox 880 1027 980 1088; x_wconf 88' lang='lat' dir='ltr'><strong>liberis</strong></span> <span class='ocrx_word' id='word_1_37' title='bbox 989 1047 1096 1089; x_wconf 84' lang='lat' dir='ltr'><strong>uxorea</strong></span> 
     </span>
     <span class='ocr_line' id='line_1_6' title="bbox 144 1130 241 1182; baseline 0.01 -1"><span class='ocrx_word' id='word_1_38' title='bbox 144 1130 241 1182; x_wconf 88' lang='lat' dir='ltr'><strong>arant.</strong></span> 
     </span>
    </p>

    <p class='ocr_par' dir='ltr' id='par_1_3' title="bbox 143 1217 1101 2476">
     <span class='ocr_line' id='line_1_7' title="bbox 187 1217 1098 1304; baseline 0.007 -26"><span class='ocrx_word' id='word_1_39' title='bbox 187 1225 239 1283; x_wconf 76' lang='lat'><strong>72.</strong></span> <span class='ocrx_word' id='word_1_40' title='bbox 261 1217 370 1298; x_wconf 81' lang='lat' dir='ltr'>Igitur,</span> <span class='ocrx_word' id='word_1_41' title='bbox 383 1219 464 1300; x_wconf 91' lang='lat' dir='ltr'><strong>quod</strong></span> <span class='ocrx_word' id='word_1_42' title='bbox 478 1221 633 1300; x_wconf 80' lang='lat' dir='ltr'><strong>quasitum</strong></span> <span class='ocrx_word' id='word_1_43' title='bbox 655 1242 675 1282; x_wconf 97' lang='lat' dir='ltr'><strong>a</strong></span> <span class='ocrx_word' id='word_1_44' title='bbox 696 1221 823 1283; x_wconf 85' lang='lat' dir='ltr'><strong>lucullo</strong></span> <span class='ocrx_word' id='word_1_45' title='bbox 835 1221 941 1293; x_wconf 81' lang='lat' dir='ltr'><strong>luerat,</strong></span> <span class='ocrx_word' id='word_1_46' title='bbox 955 1221 1098 1304; x_wconf 85' lang='lat' dir='ltr'><strong>Tigranes</strong></span> 
     </span>
     <span class='ocr_line' id='line_1_8' title="bbox 145 1315 1099 1398; baseline 0.004 -22"><span class='ocrx_word' id='word_1_47' title='bbox 145 1315 268 1376; x_wconf 81' lang='lat' dir='ltr'><strong>obviarn</strong></span> <span class='ocrx_word' id='word_1_48' title='bbox 280 1335 459 1396; x_wconf 85' lang='lat' dir='ltr'><strong>progressus,</strong></span> <span class='ocrx_word' id='word_1_49' title='bbox 473 1327 581 1398; x_wconf 82' lang='lat' dir='ltr'><strong>quarto</strong></span> <span class='ocrx_word' id='word_1_50' title='bbox 592 1317 642 1378; x_wconf 86' lang='lat' dir='ltr'><strong>die</strong></span> <span class='ocrx_word' id='word_1_51' title='bbox 665 1318 705 1379; x_wconf 90' lang='lat' dir='ltr'><strong>ad</strong></span> <span class='ocrx_word' id='word_1_52' title='bbox 724 1319 888 1380; x_wconf 85' lang='lat' dir='ltr'><strong>Arsaniam</strong></span> <span class='ocrx_word' id='word_1_53' title='bbox 908 1319 1030 1380; x_wconf 83' lang='lat' dir='ltr'><strong>fluvium</strong></span> <span class='ocrx_word' id='word_1_54' title='bbox 1050 1341 1099 1380; x_wconf 88' lang='lat' dir='ltr'><strong>os·</strong></span> 
     </span>
     <span class='ocr_line' id='line_1_9' title="bbox 145 1412 1098 1498; baseline 0.004 -26"><span class='ocrx_word' id='word_1_55' title='bbox 145 1412 244 1473; x_wconf 86' lang='lat' dir='ltr'><strong>tendit</strong></span> <span class='ocrx_word' id='word_1_56' title='bbox 255 1433 287 1474; x_wconf 90' lang='lat' dir='ltr'><strong>se</strong></span> <span class='ocrx_word' id='word_1_57' title='bbox 300 1413 460 1484; x_wconf 83' lang='lat' dir='ltr'><strong>Romanis,</strong></span> <span class='ocrx_word' id='word_1_58' title='bbox 473 1417 525 1497; x_wconf 92' lang='lat' dir='ltr'><strong>qui</strong></span> <span class='ocrx_word' id='word_1_59' title='bbox 537 1416 734 1478; x_wconf 89' lang='lat' dir='ltr'><strong>transeundus</strong></span> <span class='ocrx_word' id='word_1_60' title='bbox 747 1426 814 1478; x_wconf 91' lang='lat' dir='ltr'><strong>erat</strong></span> <span class='ocrx_word' id='word_1_61' title='bbox 826 1416 981 1478; x_wconf 74' lang='lat' dir='ltr'><strong>Artaxata</strong></span> <span class='ocrx_word' id='word_1_62' title='bbox 994 1427 1098 1498; x_wconf 81' lang='lat' dir='ltr'><strong>petan-</strong></span> 
     </span>
     <span class='ocr_line' id='line_1_10' title="bbox 144 1510 1098 1594; baseline 0.004 -24"><span class='ocrx_word' id='word_1_63' title='bbox 144 1511 236 1572; x_wconf 86' lang='lat' dir='ltr'><strong>tibus.</strong></span> <span class='ocrx_word' id='word_1_64' title='bbox 277 1510 357 1572; x_wconf 83' lang='lat' dir='ltr'><strong>Cum</strong></span> <span class='ocrx_word' id='word_1_65' title='bbox 380 1511 513 1594; x_wconf 75' lang='lat' dir='ltr'><strong>pralium</strong></span> <span class='ocrx_word' id='word_1_66' title='bbox 538 1513 673 1585; x_wconf 73' lang='lat' dir='ltr'><strong>instaret,</strong></span> <span class='ocrx_word' id='word_1_67' title='bbox 695 1513 837 1574; x_wconf 76' lang='lat' dir='ltr'><strong>Lucullus</strong></span> <span class='ocrx_word' id='word_1_68' title='bbox 859 1515 975 1594; x_wconf 87' lang='lat' dir='ltr'><strong>egregie</strong></span> <span class='ocrx_word' id='word_1_69' title='bbox 1002 1514 1098 1584; x_wconf 89' lang='lat' dir='ltr'><strong>litato,</strong></span> 
     </span>
     <span class='ocr_line' id='line_1_11' title="bbox 144 1608 1100 1687; baseline 0.005 -20"><span class='ocrx_word' id='word_1_70' title='bbox 144 1616 291 1687; x_wconf 86' lang='lat' dir='ltr'><strong>tanquam</strong></span> <span class='ocrx_word' id='word_1_71' title='bbox 310 1617 408 1670; x_wconf 85' lang='lat' dir='ltr'><strong>certus</strong></span> <span class='ocrx_word' id='word_1_72' title='bbox 426 1608 465 1669; x_wconf 90' lang='lat' dir='ltr'><strong>de</strong></span> <span class='ocrx_word' id='word_1_73' title='bbox 478 1609 611 1682; x_wconf 82' lang='lat' dir='ltr'><strong>victoria,</strong></span> <span class='ocrx_word' id='word_1_74' title='bbox 624 1611 782 1672; x_wconf 81' lang='lat' dir='ltr'><strong>duodecim</strong></span> <span class='ocrx_word' id='word_1_75' title='bbox 802 1611 938 1672; x_wconf 85' lang='lat' dir='ltr'><strong>cohortes</strong></span> <span class='ocrx_word' id='word_1_76' title='bbox 956 1612 985 1672; x_wconf 90' lang='lat' dir='ltr'><strong>in</strong></span> <span class='ocrx_word' id='word_1_77' title='bbox 1005 1612 1100 1672; x_wconf 80' lang='lat' dir='ltr'><strong>fronte</strong></span> 
     </span>
     <span class='ocr_line' id='line_1_12' title="bbox 145 1705 1098 1787; baseline 0.007 -23"><span class='ocrx_word' id='word_1_78' title='bbox 145 1705 253 1766; x_wconf 87' lang='lat' dir='ltr'><strong>statuit</strong></span> <span class='ocrx_word' id='word_1_79' title='bbox 264 1724 276 1765; x_wconf 67' lang='lat'><strong>:⁴</strong></span> <span class='ocrx_word' id='word_1_80' title='bbox 293 1706 435 1787; x_wconf 89' lang='lat' dir='ltr'><strong>reliquos,</strong></span> <span class='ocrx_word' id='word_1_81' title='bbox 454 1725 492 1768; x_wconf 87' lang='lat' dir='ltr'><strong>ne</strong></span> <span class='ocrx_word' id='word_1_82' title='bbox 511 1709 774 1770; x_wconf 83' lang='lat' dir='ltr'><strong>circumveniretur</strong></span> <span class='ocrx_word' id='word_1_83' title='bbox 791 1730 811 1769; x_wconf 94' lang='lat' dir='ltr'><strong>a</strong></span> <span class='ocrx_word' id='word_1_84' title='bbox 831 1709 1018 1770; x_wconf 89' lang='lat' dir='ltr'><strong>multitudine</strong></span> <span class='ocrx_word' id='word_1_85' title='bbox 1031 1710 1098 1770; x_wconf 88' lang='lat' dir='ltr'><strong>hos-</strong></span> 
     </span>
     <span class='ocr_line' id='line_1_13' title="bbox 144 1800 1100 1887; baseline 0.005 -26"><span class='ocrx_word' id='word_1_86' title='bbox 144 1800 234 1872; x_wconf 86' lang='lat' dir='ltr'><strong>tium,</strong></span> <span class='ocrx_word' id='word_1_87' title='bbox 253 1802 415 1864; x_wconf 84' lang='lat' dir='ltr'><strong>collocarit</strong></span> <span class='ocrx_word' id='word_1_88' title='bbox 440 1805 471 1864; x_wconf 90' lang='lat' dir='ltr'><strong>in</strong></span> <span class='ocrx_word' id='word_1_89' title='bbox 489 1805 637 1867; x_wconf 88' lang='lat' dir='ltr'><strong>subsidiis.</strong></span> <span class='ocrx_word' id='word_1_90' title='bbox 678 1805 764 1867; x_wconf 88' lang='lat' dir='ltr'><strong>Nam</strong></span> <span class='ocrx_word' id='word_1_91' title='bbox 785 1806 911 1866; x_wconf 88' lang='lat' dir='ltr'><strong>multum</strong></span> <span class='ocrx_word' id='word_1_92' title='bbox 933 1805 1100 1887; x_wconf 89' lang='lat' dir='ltr'><strong>lectumque</strong></span> 
     </span>
     <span class='ocr_line' id='line_1_14' title="bbox 144 1901 1101 1985; baseline 0.007 -26"><span class='ocrx_word' id='word_1_93' title='bbox 144 1901 311 1980; x_wconf 87' lang='lat' dir='ltr'><strong>equitatum</strong></span> <span class='ocrx_word' id='word_1_94' title='bbox 333 1903 363 1963; x_wconf 93' lang='lat' dir='ltr'><strong>in</strong></span> <span class='ocrx_word' id='word_1_95' title='bbox 384 1902 521 1964; x_wconf 82' lang='lat' dir='ltr'><strong>advetsa·</strong></span> <span class='ocrx_word' id='word_1_96' title='bbox 533 1905 599 1964; x_wconf 86' lang='lat' dir='ltr'><strong>acie</strong></span> <span class='ocrx_word' id='word_1_97' title='bbox 618 1906 838 1985; x_wconf 88' lang='lat' dir='ltr'><strong>conspiciebat:</strong></span> <span class='ocrx_word' id='word_1_98' title='bbox 859 1906 1003 1984; x_wconf 90' lang='lat' dir='ltr'><strong>sagittarii</strong></span> <span class='ocrx_word' id='word_1_99' title='bbox 1017 1915 1101 1966; x_wconf 90' lang='lat' dir='ltr'><strong>erant</strong></span> 
     </span>
     <span class='ocr_line' id='line_1_15' title="bbox 144 2000 1100 2082; baseline 0.004 -24"><span class='ocrx_word' id='word_1_100' title='bbox 144 2000 263 2080; x_wconf 85' lang='lat' dir='ltr'><strong>equites</strong></span> <span class='ocrx_word' id='word_1_101' title='bbox 284 2000 397 2073; x_wconf 87' lang='lat' dir='ltr'><strong>Mardi,</strong></span> <span class='ocrx_word' id='word_1_102' title='bbox 423 2010 456 2062; x_wconf 88' lang='lat' dir='ltr'><strong>et</strong></span> <span class='ocrx_word' id='word_1_103' title='bbox 479 2003 590 2062; x_wconf 82' lang='lat' dir='ltr'><strong>hastati</strong></span> <span class='ocrx_word' id='word_1_104' title='bbox 614 2001 708 2074; x_wconf 87' lang='lat' dir='ltr'><strong>Iberi,</strong></span> <span class='ocrx_word' id='word_1_105' title='bbox 733 2005 819 2081; x_wconf 87' lang='lat' dir='ltr'><strong>cujus</strong></span> <span class='ocrx_word' id='word_1_106' title='bbox 842 2005 956 2082; x_wconf 88' lang='lat' dir='ltr'><strong>generis</strong></span> <span class='ocrx_word' id='word_1_107' title='bbox 978 2003 1100 2063; x_wconf 78' lang='lat' dir='ltr'><strong>auxiliis</strong></span> 
     </span>
     <span class='ocr_line' id='line_1_16' title="bbox 143 2093 1100 2182; baseline 0.002 -24"><span class='ocrx_word' id='word_1_108' title='bbox 143 2097 291 2176; x_wconf 81' lang='lat' dir='ltr'><strong>Tigranes</strong></span> <span class='ocrx_word' id='word_1_109' title='bbox 303 2097 462 2180; x_wconf 88' lang='lat' dir='ltr'><strong>plurimum</strong></span> <span class='ocrx_word' id='word_1_110' title='bbox 474 2093 655 2160; x_wconf 84' lang='lat' dir='ltr'><strong>confidebat.</strong></span> <span class='ocrx_word' id='word_1_111' title='bbox 697 2098 827 2182; x_wconf 80' lang='lat' dir='ltr'><strong>Nullam</strong></span> <span class='ocrx_word' id='word_1_112' title='bbox 841 2109 939 2160; x_wconf 88' lang='lat' dir='ltr'><strong>tamen</strong></span> <span class='ocrx_word' id='word_1_113' title='bbox 958 2099 1100 2178; x_wconf 72' lang='lat' dir='ltr'><strong>insignem</strong></span> 
     </span>
     <span class='ocr_line' id='line_1_17' title="bbox 144 2195 1100 2280; baseline 0.005 -25"><span class='ocrx_word' id='word_1_114' title='bbox 144 2195 303 2258; x_wconf 77' lang='lat' dir='ltr'><strong>ediderunt</strong></span> <span class='ocrx_word' id='word_1_115' title='bbox 317 2217 466 2278; x_wconf 89' lang='lat' dir='ltr'><strong>pugnam:</strong></span> <span class='ocrx_word' id='word_1_116' title='bbox 487 2197 540 2258; x_wconf 90' lang='lat' dir='ltr'><strong>sed</strong></span> <span class='ocrx_word' id='word_1_117' title='bbox 552 2217 621 2260; x_wconf 90' lang='lat' dir='ltr'><strong>cum</strong></span> <span class='ocrx_word' id='word_1_118' title='bbox 633 2198 770 2280; x_wconf 86' lang='lat' dir='ltr'><strong>equitatu</strong></span> <span class='ocrx_word' id='word_1_119' title='bbox 788 2197 930 2258; x_wconf 87' lang='lat' dir='ltr'><strong>Romano</strong></span> <span class='ocrx_word' id='word_1_120' title='bbox 950 2199 1100 2280; x_wconf 83' lang='lat' dir='ltr'><strong>paulisper</strong></span> 
     </span>
     <span class='ocr_line' id='line_1_18' title="bbox 144 2295 1097 2378; baseline 0.001 -22"><span class='ocrx_word' id='word_1_121' title='bbox 144 2295 275 2366; x_wconf 84' lang='lat' dir='ltr'><strong>velitati,</strong></span> <span class='ocrx_word' id='word_1_122' title='bbox 287 2296 376 2355; x_wconf 92' lang='lat' dir='ltr'><strong>simul</strong></span> <span class='ocrx_word' id='word_1_123' title='bbox 388 2296 545 2357; x_wconf 79' lang='lat' dir='ltr'><strong>succedere</strong></span> <span class='ocrx_word' id='word_1_124' title='bbox 558 2295 690 2378; x_wconf 87' lang='lat' dir='ltr'><strong>peditem</strong></span> <span class='ocrx_word' id='word_1_125' title='bbox 703 2295 851 2367; x_wconf 86' lang='lat' dir='ltr'><strong>viderunt,</strong></span> <span class='ocrx_word' id='word_1_126' title='bbox 872 2295 903 2356; x_wconf 90' lang='lat' dir='ltr'><strong>in</strong></span> <span class='ocrx_word' id='word_1_127' title='bbox 923 2295 1024 2375; x_wconf 84' lang='lat' dir='ltr'><strong>fugam</strong></span> <span class='ocrx_word' id='word_1_128' title='bbox 1038 2296 1097 2357; x_wconf 88' lang='lat' dir='ltr'><strong>dis-</strong></span> 
     </span>
     <span class='ocr_line' id='line_1_19' title="bbox 143 2392 326 2476; baseline 0.011 -24"><span class='ocrx_word' id='word_1_129' title='bbox 143 2392 236 2476; x_wconf 90' lang='lat' dir='ltr'><strong>sipati</strong></span> <span class='ocrx_word' id='word_1_130' title='bbox 248 2401 326 2454; x_wconf 79' lang='lat' dir='ltr'><strong>nunt.</strong></span> 
     </span>
    </p>

    <p class='ocr_par' dir='ltr' id='par_1_4' title="bbox 142 2486 1235 3932">
     <span class='ocr_line' id='line_1_20' title="bbox 187 2486 1099 2573; baseline -0.001 -19"><span class='ocrx_word' id='word_1_131' title='bbox 187 2497 239 2554; x_wconf 75' lang='lat'><strong>⁵18.</strong></span> <span class='ocrx_word' id='word_1_132' title='bbox 261 2490 464 2552; x_wconf 82' lang='lat' dir='ltr'><strong>Ostenderant</strong></span> <span class='ocrx_word' id='word_1_133' title='bbox 481 2513 513 2553; x_wconf 87' lang='lat' dir='ltr'><strong>ae</strong></span> <span class='ocrx_word' id='word_1_134' title='bbox 530 2486 648 2556; x_wconf 73' lang='lat' dir='ltr'><strong>d&#39;einde‘</strong></span> <span class='ocrx_word' id='word_1_135' title='bbox 659 2491 807 2562; x_wconf 85' lang='lat' dir='ltr'><strong>Armenii,</strong></span> <span class='ocrx_word' id='word_1_136' title='bbox 820 2493 954 2573; x_wconf 87' lang='lat' dir='ltr'><strong>proprius</strong></span> <span class='ocrx_word' id='word_1_137' title='bbox 963 2489 1099 2571; x_wconf 84' lang='lat' dir='ltr'><strong>Tigranis</strong></span> 
     </span>
     <span class='ocr_line' id='line_1_21' title="bbox 144 2587 1097 2673; baseline 0.002 -24"><span class='ocrx_word' id='word_1_138' title='bbox 144 2587 243 2661; x_wconf 89' lang='lat' dir='ltr'><strong>miles,</strong></span> <span class='ocrx_word' id='word_1_139' title='bbox 256 2591 376 2671; x_wconf 83' lang='lat' dir='ltr'><strong>egregia</strong></span> <span class='ocrx_word' id='word_1_140' title='bbox 387 2590 485 2673; x_wconf 85' lang='lat' dir='ltr'><strong>specie</strong></span> <span class='ocrx_word' id='word_1_141' title='bbox 498 2609 646 2653; x_wconf 86' lang='lat' dir='ltr'><strong>armorum</strong></span> <span class='ocrx_word' id='word_1_142' title='bbox 658 2591 857 2671; x_wconf 82' lang='lat' dir='ltr'><strong>virorumque.</strong></span> <span class='ocrx_word' id='word_1_143' title='bbox 900 2589 1019 2651; x_wconf 80' lang='lat' dir='ltr'><strong>Idcirco</strong></span> <span class='ocrx_word' id='word_1_144' title='bbox 1038 2590 1097 2651; x_wconf 87' lang='lat' dir='ltr'><strong>Lu·</strong></span> 
     </span>
     <span class='ocr_line' id='line_1_22' title="bbox 144 2685 1095 2769; baseline -0.001 -22"><span class='ocrx_word' id='word_1_145' title='bbox 144 2685 245 2747; x_wconf 85' lang='lat' dir='ltr'><strong>callus</strong></span> <span class='ocrx_word' id='word_1_146' title='bbox 261 2688 354 2766; x_wconf 87' lang='lat' dir='ltr'><strong>jussis</strong></span> <span class='ocrx_word' id='word_1_147' title='bbox 366 2689 456 2747; x_wconf 88' lang='lat' dir='ltr'><strong>acciri</strong></span> <span class='ocrx_word' id='word_1_148' title='bbox 468 2689 630 2768; x_wconf 86' lang='lat' dir='ltr'><strong>equitibus,</strong></span> <span class='ocrx_word' id='word_1_149' title='bbox 644 2689 697 2769; x_wconf 90' lang='lat' dir='ltr'><strong>qui</strong></span> <span class='ocrx_word' id='word_1_150' title='bbox 710 2689 805 2769; x_wconf 85' lang='lat' dir='ltr'><strong>primo</strong></span> <span class='ocrx_word' id='word_1_151' title='bbox 818 2686 921 2768; x_wconf 78' lang='lat' dir='ltr'><strong>praelio</strong></span> <span class='ocrx_word' id='word_1_152' title='bbox 937 2687 1038 2767; x_wconf 85' lang='lat' dir='ltr'><strong>pulsos</strong></span> <span class='ocrx_word' id='word_1_153' title='bbox 1050 2688 1095 2746; x_wconf 93' lang='lat' dir='ltr'><strong>in-</strong></span> 
     </span>
     <span class='ocr_line' id='line_1_23' title="bbox 144 2783 1097 2865; baseline 0.001 -23"><span class='ocrx_word' id='word_1_154' title='bbox 144 2783 363 2863; x_wconf 81' lang='lat' dir='ltr'><strong>sequebantur3</strong></span> <span class='ocrx_word' id='word_1_155' title='bbox 386 2785 462 2864; x_wconf 89' lang='lat' dir='ltr'><strong>ipse,</strong></span> <span class='ocrx_word' id='word_1_156' title='bbox 485 2784 629 2864; x_wconf 89' lang='lat' dir='ltr'><strong>adjuncto</strong></span> <span class='ocrx_word' id='word_1_157' title='bbox 650 2785 989 2865; x_wconf 79' lang='lat' dir='ltr'><strong>promtissimoquoque‚</strong></span> <span class='ocrx_word' id='word_1_158' title='bbox 1003 2804 1097 2864; x_wconf 90' lang='lat' dir='ltr'><strong>oppo-</strong></span> 
     </span>
     <span class='ocr_line' id='line_1_24' title="bbox 143 2879 1097 2963; baseline -0.001 -23"><span class='ocrx_word' id='word_1_159' title='bbox 143 2880 219 2940; x_wconf 85' lang='lat' dir='ltr'><strong>sitos</strong></span> <span class='ocrx_word' id='word_1_160' title='bbox 235 2880 291 2941; x_wconf 88' lang='lat' dir='ltr'><strong>sibi</strong></span> <span class='ocrx_word' id='word_1_161' title='bbox 306 2879 517 2963; x_wconf 70' lang='lat' dir='ltr'><strong>Atropatenae</strong></span> <span class='ocrx_word' id='word_1_162' title='bbox 536 2882 654 2953; x_wconf 72' lang='lat' dir='ltr'><strong>invasit,</strong></span> <span class='ocrx_word' id='word_1_163' title='bbox 675 2900 713 2943; x_wconf 87' lang='lat' dir='ltr'><strong>eo</strong></span> <span class='ocrx_word' id='word_1_164' title='bbox 733 2890 855 2953; x_wconf 85' lang='lat' dir='ltr'><strong>terrore,</strong></span> <span class='ocrx_word' id='word_1_165' title='bbox 869 2892 913 2951; x_wconf 89' lang='lat' dir='ltr'><strong>ut,</strong></span> <span class='ocrx_word' id='word_1_166' title='bbox 926 2882 1097 2963; x_wconf 84' lang='lat' dir='ltr'><strong>priusquam</strong></span> 
     </span>
     <span class='ocr_line' id='line_1_25' title="bbox 145 2976 1097 3059; baseline 0 -22"><span class='ocrx_word' id='word_1_167' title='bbox 145 2976 187 3037; x_wconf 88' lang='lat' dir='ltr'><strong>ad</strong></span> <span class='ocrx_word' id='word_1_168' title='bbox 200 2998 305 3039; x_wconf 84' lang='lat' dir='ltr'><strong>uranus</strong></span> <span class='ocrx_word' id='word_1_169' title='bbox 317 2979 474 3051; x_wconf 81' lang='lat' dir='ltr'><strong>veniretur,</strong></span> <span class='ocrx_word' id='word_1_170' title='bbox 488 2981 586 3040; x_wconf 83' lang='lat' dir='ltr'><strong>hostes</strong></span> <span class='ocrx_word' id='word_1_171' title='bbox 598 2979 703 3039; x_wconf 89' lang='lat' dir='ltr'><strong>solutis</strong></span> <span class='ocrx_word' id='word_1_172' title='bbox 714 2978 867 3039; x_wconf 86' lang='lat' dir='ltr'><strong>ordinibus</strong></span> <span class='ocrx_word' id='word_1_173' title='bbox 876 2977 1020 3059; x_wconf 85' lang='lat' dir='ltr'><strong>fugerent.</strong></span> <span class='ocrx_word' id='word_1_174' title='bbox 1048 2978 1097 3038; x_wconf 91' lang='lat' dir='ltr'><strong>De</strong></span> 
     </span>
     <span class='ocr_line' id='line_1_26' title="bbox 142 3072 1098 3157; baseline 0.001 -24"><span class='ocrx_word' id='word_1_175' title='bbox 142 3075 241 3134; x_wconf 85' lang='lat' dir='ltr'><strong>tribus</strong></span> <span class='ocrx_word' id='word_1_176' title='bbox 259 3076 388 3154; x_wconf 88' lang='lat' dir='ltr'><strong>regibus,</strong></span> <span class='ocrx_word' id='word_1_177' title='bbox 407 3077 459 3157; x_wconf 90' lang='lat' dir='ltr'><strong>qui</strong></span> <span class='ocrx_word' id='word_1_178' title='bbox 479 3076 508 3137; x_wconf 92' lang='lat' dir='ltr'><strong>ei</strong></span> <span class='ocrx_word' id='word_1_179' title='bbox 529 3096 635 3157; x_wconf 74' lang='lat' dir='ltr'><strong>pugnae</strong></span> <span class='ocrx_word' id='word_1_180' title='bbox 655 3075 812 3148; x_wconf 86' lang='lat' dir='ltr'><strong>affuerant,</strong></span> <span class='ocrx_word' id='word_1_181' title='bbox 833 3076 998 3155; x_wconf 85' lang='lat' dir='ltr'><strong>turpissime</strong></span> <span class='ocrx_word' id='word_1_182' title='bbox 1021 3072 1098 3151; x_wconf 83' lang='lat' dir='ltr'><strong>fugit</strong></span> 
     </span>
     <span class='ocr_line' id='line_1_27' title="bbox 143 3156 1190 3250; baseline -0.001 -19"><span class='ocrx_word' id='word_1_183' title='bbox 143 3170 298 3233; x_wconf 87' lang='lat' dir='ltr'><strong>Ponticus</strong></span> <span class='ocrx_word' id='word_1_184' title='bbox 320 3171 521 3245; x_wconf 85' lang='lat' dir='ltr'><strong>Mithridates,</strong></span> <span class='ocrx_word' id='word_1_185' title='bbox 546 3176 630 3250; x_wconf 90' lang='lat' dir='ltr'><strong>(nam</strong></span> <span class='ocrx_word' id='word_1_186' title='bbox 652 3182 684 3233; x_wconf 85' lang='lat' dir='ltr'><strong>et</strong></span> <span class='ocrx_word' id='word_1_187' title='bbox 707 3172 803 3233; x_wconf 88' lang='lat' dir='ltr'><strong>Medo</strong></span> <span class='ocrx_word' id='word_1_188' title='bbox 825 3171 1013 3233; x_wconf 85' lang='lat' dir='ltr'><strong>Mithridatis</strong></span> <span class='ocrx_word' id='word_1_189' title='bbox 1032 3178 1098 3231; x_wconf 87' lang='lat' dir='ltr'><strong>erat</strong></span> <span class='ocrx_word' id='word_1_190' title='bbox 1110 3156 1190 3221; x_wconf 70' lang='grc' dir='ltr'><strong>1)ῑοῖ</strong></span> 
     </span>
     <span class='ocr_line' id='line_1_28' title="bbox 144 3266 1175 3351; baseline 0 -24"><span class='ocrx_word' id='word_1_191' title='bbox 144 3270 267 3347; x_wconf 90' lang='lat' dir='ltr'><strong>nomen)</strong></span> <span class='ocrx_word' id='word_1_192' title='bbox 288 3288 357 3328; x_wconf 89' lang='lat' dir='ltr'><strong>cum</strong></span> <span class='ocrx_word' id='word_1_193' title='bbox 379 3288 416 3329; x_wconf 87' lang='lat' dir='ltr'><strong>ne</strong></span> <span class='ocrx_word' id='word_1_194' title='bbox 436 3270 594 3331; x_wconf 85' lang='lat' dir='ltr'><strong>clamorem</strong></span> <span class='ocrx_word' id='word_1_195' title='bbox 616 3270 735 3351; x_wconf 86' lang='lat' dir='ltr'><strong>quidem</strong></span> <span class='ocrx_word' id='word_1_196' title='bbox 756 3271 884 3330; x_wconf 83' lang='lat' dir='ltr'><strong>bostium</strong></span> <span class='ocrx_word' id='word_1_197' title='bbox 904 3268 1096 3329; x_wconf 81' lang='lat' dir='ltr'><strong>sustinuisset.</strong></span> <span class='ocrx_word' id='word_1_198' title='bbox 1108 3266 1175 3321; x_wconf 82' lang='lat' dir='ltr'><strong>Plnt.</strong></span> 
     </span>
     <span class='ocr_line' id='line_1_29' title="bbox 145 3362 1098 3447; baseline -0.001 -23"><span class='ocrx_word' id='word_1_199' title='bbox 145 3362 283 3444; x_wconf 84' lang='lat' dir='ltr'><strong>Reliqua</strong></span> <span class='ocrx_word' id='word_1_200' title='bbox 295 3373 380 3445; x_wconf 89' lang='lat' dir='ltr'><strong>parte</strong></span> <span class='ocrx_word' id='word_1_201' title='bbox 392 3364 464 3437; x_wconf 90' lang='lat' dir='ltr'><strong>diei,</strong></span> <span class='ocrx_word' id='word_1_202' title='bbox 477 3374 601 3446; x_wconf 84' lang='lat' dir='ltr'><strong>totaque</strong></span> <span class='ocrx_word' id='word_1_203' title='bbox 611 3366 753 3447; x_wconf 83' lang='lat' dir='ltr'><strong>deinceps</strong></span> <span class='ocrx_word' id='word_1_204' title='bbox 765 3374 865 3438; x_wconf 92' lang='lat' dir='ltr'><strong>nocte,</strong></span> <span class='ocrx_word' id='word_1_205' title='bbox 876 3366 945 3426; x_wconf 77' lang='lat' dir='ltr'><strong>coesi</strong></span> <span class='ocrx_word' id='word_1_206' title='bbox 957 3366 1098 3446; x_wconf 88' lang='lat' dir='ltr'><strong>captique</strong></span> 
     </span>
     <span class='ocr_line' id='line_1_30' title="bbox 143 3461 1099 3546; baseline 0.002 -25"><span class='ocrx_word' id='word_1_207' title='bbox 143 3461 293 3540; x_wconf 84' lang='lat' dir='ltr'><strong>fugientes</strong></span> <span class='ocrx_word' id='word_1_208' title='bbox 304 3472 391 3532; x_wconf 90' lang='lat' dir='ltr'><strong>sunt;</strong></span> <span class='ocrx_word' id='word_1_209' title='bbox 413 3464 605 3544; x_wconf 86' lang='lat' dir='ltr'><strong>maximaque</strong></span> <span class='ocrx_word' id='word_1_210' title='bbox 617 3463 713 3524; x_wconf 83' lang='lat' dir='ltr'><strong>relata</strong></span> <span class='ocrx_word' id='word_1_211' title='bbox 726 3464 834 3546; x_wconf 84' lang='lat' dir='ltr'><strong>spolia,</strong></span> <span class='ocrx_word' id='word_1_212' title='bbox 848 3462 944 3523; x_wconf 86' lang='lat' dir='ltr'><strong>donec</strong></span> <span class='ocrx_word' id='word_1_213' title='bbox 957 3462 1099 3542; x_wconf 83' lang='lat' dir='ltr'><strong>fatigatus</strong></span> 
     </span>
     <span class='ocr_line' id='line_1_31' title="bbox 144 3557 1098 3642; baseline 0.002 -25"><span class='ocrx_word' id='word_1_214' title='bbox 144 3558 349 3640; x_wconf 85' lang='lat' dir='ltr'><strong>persequendo</strong></span> <span class='ocrx_word' id='word_1_215' title='bbox 361 3557 446 3619; x_wconf 90' lang='lat' dir='ltr'><strong>miles</strong></span> <span class='ocrx_word' id='word_1_216' title='bbox 457 3560 638 3641; x_wconf 80' lang='lat' dir='ltr'><strong>conquievit.</strong></span> <span class='ocrx_word' id='word_1_217' title='bbox 678 3560 789 3621; x_wconf 88' lang='lat' dir='ltr'><strong>Plures</strong></span> <span class='ocrx_word' id='word_1_218' title='bbox 801 3560 899 3642; x_wconf 88' lang='lat' dir='ltr'><strong>priore</strong></span> <span class='ocrx_word' id='word_1_219' title='bbox 912 3560 1016 3642; x_wconf 67' lang='lat' dir='ltr'><strong>praelio</strong></span> <span class='ocrx_word' id='word_1_220' title='bbox 1031 3560 1098 3619; x_wconf 76' lang='lat' dir='ltr'><strong>hos-</strong></span> 
     </span>
     <span class='ocr_line' id='line_1_32' title="bbox 143 3656 1097 3739; baseline 0.003 -25"><span class='ocrx_word' id='word_1_221' title='bbox 143 3664 203 3726; x_wconf 90' lang='lat' dir='ltr'><strong>tes,</strong></span> <span class='ocrx_word' id='word_1_222' title='bbox 216 3656 273 3715; x_wconf 92' lang='lat' dir='ltr'><strong>boc</strong></span> <span class='ocrx_word' id='word_1_223' title='bbox 286 3656 469 3734; x_wconf 80' lang='lat' dir='ltr'><strong>insigniores,</strong></span> <span class='ocrx_word' id='word_1_224' title='bbox 481 3665 576 3717; x_wconf 81' lang='lat' dir='ltr'><strong>morte</strong></span> <span class='ocrx_word' id='word_1_225' title='bbox 588 3666 642 3717; x_wconf 91' lang='lat' dir='ltr'><strong>aut</strong></span> <span class='ocrx_word' id='word_1_226' title='bbox 658 3658 832 3739; x_wconf 85' lang='lat' dir='ltr'><strong>captivitate</strong></span> <span class='ocrx_word' id='word_1_227' title='bbox 846 3656 1006 3717; x_wconf 88' lang='lat' dir='ltr'><strong>desiderati</strong></span> <span class='ocrx_word' id='word_1_228' title='bbox 1019 3665 1097 3717; x_wconf 90' lang='lat' dir='ltr'><strong>sunt.</strong></span> 
     </span>
     <span class='ocr_line' id='line_1_33' title="bbox 145 3746 1235 3834; baseline -0.001 -22"><span class='ocrx_word' id='word_1_229' title='bbox 145 3751 266 3812; x_wconf 79' lang='lat' dir='ltr'><strong>Praeter</strong></span> <span class='ocrx_word' id='word_1_230' title='bbox 293 3751 424 3829; x_wconf 79' lang='lat' dir='ltr'><strong>ignobile</strong></span> <span class='ocrx_word' id='word_1_231' title='bbox 451 3751 571 3833; x_wconf 79' lang='lat' dir='ltr'><strong>vulgus,</strong></span> <span class='ocrx_word' id='word_1_232' title='bbox 599 3753 638 3815; x_wconf 90' lang='lat' dir='ltr'><strong>de</strong></span> <span class='ocrx_word' id='word_1_233' title='bbox 660 3755 768 3814; x_wconf 88' lang='lat' dir='ltr'><strong>robore</strong></span> <span class='ocrx_word' id='word_1_234' title='bbox 797 3756 947 3815; x_wconf 84' lang='lat' dir='ltr'><strong>exercitus</strong></span> <span class='ocrx_word' id='word_1_235' title='bbox 967 3754 1098 3834; x_wconf 88' lang='lat' dir='ltr'><strong>quinque</strong></span> <span class='ocrx_word' id='word_1_236' title='bbox 1126 3746 1235 3811; x_wconf 74' lang='lat' dir='ltr'><strong>Phlegon</strong></span> 
     </span>
     <span class='ocr_line' id='line_1_34' title="bbox 144 3812 1229 3932; baseline 0.004 -24"><span class='ocrx_word' id='word_1_237' title='bbox 144 3848 242 3909; x_wconf 93' lang='lat' dir='ltr'><strong>millia</strong></span> <span class='ocrx_word' id='word_1_238' title='bbox 253 3848 442 3920; x_wconf 84' lang='lat' dir='ltr'><strong>ceciderunt;</strong></span> <span class='ocrx_word' id='word_1_239' title='bbox 464 3852 547 3931; x_wconf 87' lang='lat' dir='ltr'><strong>capti</strong></span> <span class='ocrx_word' id='word_1_240' title='bbox 560 3850 716 3932; x_wconf 91' lang='lat' dir='ltr'><strong>aliquanto</strong></span> <span class='ocrx_word' id='word_1_241' title='bbox 728 3851 827 3932; x_wconf 88' lang='lat' dir='ltr'><strong>plures</strong></span> <span class='ocrx_word' id='word_1_242' title='bbox 839 3860 915 3912; x_wconf 89' lang='lat' dir='ltr'><strong>sunt.</strong></span> <span class='ocrx_word' id='word_1_243' title='bbox 1109 3812 1229 3879; x_wconf 52' lang='grc' dir='ltr'><strong>ΨΜ</strong></span> 
     </span>
    </p>

    <p class='ocr_par' dir='ltr' id='par_1_5' title="bbox 143 3942 1175 4514">
     <span class='ocr_line' id='line_1_35' title="bbox 186 3942 1175 4028; baseline -0.004 -19"><span class='ocrx_word' id='word_1_244' title='bbox 186 3952 236 4009; x_wconf 77' lang='lat'><strong>¹74.</strong></span> <span class='ocrx_word' id='word_1_245' title='bbox 258 3944 405 4006; x_wconf 86' lang='lat' dir='ltr'><strong>Attamen</strong></span> <span class='ocrx_word' id='word_1_246' title='bbox 422 3948 556 4008; x_wconf 74' lang='lat' dir='ltr'><strong>victoriae</strong></span> <span class='ocrx_word' id='word_1_247' title='bbox 578 3947 707 4008; x_wconf 81' lang='lat' dir='ltr'><strong>fructum</strong></span> <span class='ocrx_word' id='word_1_248' title='bbox 728 3947 866 4019; x_wconf 86' lang='lat' dir='ltr'><strong>Lucullo,</strong></span> <span class='ocrx_word' id='word_1_249' title='bbox 879 3966 946 4007; x_wconf 89' lang='lat' dir='ltr'><strong>cum</strong></span> <span class='ocrx_word' id='word_1_250' title='bbox 967 3953 1099 4028; x_wconf 87' lang='lat' dir='ltr'><strong>speraret</strong></span> <span class='ocrx_word' id='word_1_251' title='bbox 1110 3942 1175 3991; x_wconf 55' lang='lat' dir='ltr'><strong>Plu&amp;</strong></span> 
     </span>
     <span class='ocr_line' id='line_1_36' title="bbox 144 4041 1097 4125; baseline -0.003 -22"><span class='ocrx_word' id='word_1_252' title='bbox 144 4041 371 4123; x_wconf 87' lang='lat' dir='ltr'><strong>amplissimum,</strong></span> <span class='ocrx_word' id='word_1_253' title='bbox 384 4051 501 4125; x_wconf 79' lang='lat' dir='ltr'><strong>tempus</strong></span> <span class='ocrx_word' id='word_1_254' title='bbox 514 4044 583 4103; x_wconf 92' lang='lat' dir='ltr'><strong>anni</strong></span> <span class='ocrx_word' id='word_1_255' title='bbox 596 4052 629 4105; x_wconf 91' lang='lat' dir='ltr'><strong>et</strong></span> <span class='ocrx_word' id='word_1_256' title='bbox 639 4052 747 4104; x_wconf 89' lang='lat' dir='ltr'><strong>natura</strong></span> <span class='ocrx_word' id='word_1_257' title='bbox 762 4043 899 4124; x_wconf 72' lang='lat' dir='ltr'><strong>‘locorum</strong></span> <span class='ocrx_word' id='word_1_258' title='bbox 920 4042 1097 4104; x_wconf 79' lang='lat' dir='ltr'><strong>inviderunt.</strong></span> 
     </span>
     <span class='ocr_line' id='line_1_37' title="bbox 145 4126 1099 4222; baseline -0.001 -23"><span class='ocrx_word' id='word_1_259' title='bbox 145 4139 213 4200; x_wconf 88' lang='lat' dir='ltr'><strong>Sub</strong></span> <span class='ocrx_word' id='word_1_260' title='bbox 227 4140 436 4220; x_wconf 67' lang='lat' dir='ltr'><strong>aequinoctium</strong></span> <span class='ocrx_word' id='word_1_261' title='bbox 449 4140 617 4222; x_wconf 77' lang='lat' dir='ltr'><strong>frequentes</strong></span> <span class='ocrx_word' id='word_1_262' title='bbox 628 4142 712 4203; x_wconf 79' lang='lat' dir='ltr'><strong>nives</strong></span> <span class='ocrx_word' id='word_1_263' title='bbox 731 4140 800 4220; x_wconf 90' lang='lat' dir='ltr'><strong>gelu</strong></span> <span class='ocrx_word' id='word_1_264' title='bbox 816 4144 884 4221; x_wconf 86' lang='lat' dir='ltr'><strong>jam</strong></span> <span class='ocrx_word' id='word_1_265' title='bbox 898 4126 1099 4218; x_wconf 84' lang='lat' dir='ltr'><strong>astringebant</strong></span> 
     </span>
     <span class='ocr_line' id='line_1_38' title="bbox 143 4234 1099 4321; baseline -0.001 -25"><span class='ocrx_word' id='word_1_266' title='bbox 143 4234 279 4298; x_wconf 80' lang='lat' dir='ltr'><strong>flumina.</strong></span> <span class='ocrx_word' id='word_1_267' title='bbox 321 4238 370 4299; x_wconf 88' lang='lat' dir='ltr'><strong>Ea</strong></span> <span class='ocrx_word' id='word_1_268' title='bbox 383 4242 529 4321; x_wconf 64' lang='lat' dir='ltr'><strong>praecipue</strong></span> <span class='ocrx_word' id='word_1_269' title='bbox 547 4241 632 4320; x_wconf 87' lang='lat' dir='ltr'><strong>equis</strong></span> <span class='ocrx_word' id='word_1_270' title='bbox 652 4238 827 4300; x_wconf 79' lang='lat' dir='ltr'><strong>infestares</strong></span> <span class='ocrx_word' id='word_1_271' title='bbox 847 4246 920 4310; x_wconf 89' lang='lat' dir='ltr'><strong>erat,</strong></span> <span class='ocrx_word' id='word_1_272' title='bbox 941 4237 1048 4317; x_wconf 88' lang='lat' dir='ltr'><strong>quibus</strong></span> <span class='ocrx_word' id='word_1_273' title='bbox 1067 4242 1099 4297; x_wconf 90' lang='lat' dir='ltr'><strong>et</strong></span> 
     </span>
     <span class='ocr_line' id='line_1_39' title="bbox 143 4333 1099 4417; baseline 0.003 -25"><span class='ocrx_word' id='word_1_274' title='bbox 143 4333 305 4393; x_wconf 87' lang='lat' dir='ltr'><strong>insalubris</strong></span> <span class='ocrx_word' id='word_1_275' title='bbox 317 4335 412 4413; x_wconf 88' lang='lat' dir='ltr'><strong>rigore</strong></span> <span class='ocrx_word' id='word_1_276' title='bbox 424 4346 513 4417; x_wconf 90' lang='lat' dir='ltr'><strong>potus</strong></span> <span class='ocrx_word' id='word_1_277' title='bbox 525 4336 628 4406; x_wconf 85' lang='lat' dir='ltr'><strong>fiebat,</strong></span> <span class='ocrx_word' id='word_1_278' title='bbox 642 4344 673 4395; x_wconf 88' lang='lat' dir='ltr'><strong>et</strong></span> <span class='ocrx_word' id='word_1_279' title='bbox 693 4337 768 4395; x_wconf 80' lang='lat' dir='ltr'><strong>inter</strong></span> <span class='ocrx_word' id='word_1_280' title='bbox 788 4333 998 4396; x_wconf 89' lang='lat' dir='ltr'><strong>transeundum</strong></span> <span class='ocrx_word' id='word_1_281' title='bbox 1011 4342 1099 4414; x_wconf 89' lang='lat' dir='ltr'><strong>rupta</strong></span> 
     </span>
     <span class='ocr_line' id='line_1_40' title="bbox 144 4430 1097 4514; baseline 0.001 -25"><span class='ocrx_word' id='word_1_282' title='bbox 144 4430 243 4512; x_wconf 87' lang='lat' dir='ltr'><strong>glacie</strong></span> <span class='ocrx_word' id='word_1_283' title='bbox 263 4452 350 4491; x_wconf 89' lang='lat' dir='ltr'><strong>crura</strong></span> <span class='ocrx_word' id='word_1_284' title='bbox 369 4433 666 4495; x_wconf 83' lang='lat' dir='ltr'><strong>convulnerabantur.</strong></span> <span class='ocrx_word' id='word_1_285' title='bbox 708 4432 820 4514; x_wconf 89' lang='lat' dir='ltr'><strong>Neque</strong></span> <span class='ocrx_word' id='word_1_286' title='bbox 833 4432 977 4493; x_wconf 84' lang='lat' dir='ltr'><strong>exercitui</strong></span> <span class='ocrx_word' id='word_1_287' title='bbox 993 4430 1097 4491; x_wconf 85' lang='lat' dir='ltr'><strong>faciles</strong></span> 
     </span>
    </p>
   </div>
   <div class='ocr_carea' id='block_1_3' title="bbox 213 4544 1193 4623">
    <p class='ocr_par' dir='ltr' id='par_1_6' title="bbox 213 4544 1193 4623">
     <span class='ocr_line' id='line_1_41' title="bbox 213 4544 1193 4623; baseline -0.007 -22"><span class='ocrx_word' id='word_1_288' title='bbox 213 4544 486 4616; x_wconf 64' lang='lat' dir='ltr'><strong>sicutnumerus.</strong></span> <span class='ocrx_word' id='word_1_289' title='bbox 651 4548 748 4600; x_wconf 74' lang='lat' dir='ltr'><strong>Liuias.</strong></span> <span class='ocrx_word' id='word_1_290' title='bbox 1102 4616 1105 4623; x_wconf 30' lang='grc' dir='ltr'>Ι</span> <span class='ocrx_word' id='word_1_291' title='bbox 1119 4546 1150 4595; x_wconf 78' lang='grc'><strong>14</strong></span> <span class='ocrx_word' id='word_1_292' title='bbox 1167 4544 1193 4593; x_wconf 83' lang='lat' dir='ltr'>K</span> 
     </span>
    </p>
   </div>
   <div class='ocr_carea' id='block_1_4' title="bbox 0 0 1654 5225">
    <p class='ocr_par' dir='ltr' id='par_1_7' title="bbox 0 0 1654 5225">
     <span class='ocr_line' id='line_1_42' title="bbox 0 0 1654 5225; baseline 0 0"><span class='ocrx_word' id='word_1_293' title='bbox 0 0 1654 5225; x_wconf 95' lang='lat' dir='ltr'><strong> </strong></span> 
     </span>
    </p>
   </div>
  </div>
 </body>
</html>
