3300 5225
378 592 476 658 4604.
578 579 585 586 ’

861 615 895 662 Τ.
921 614 1012 663 hlllll

539 755 698 816 honoribus
713 757 812 819 cultus
832 767 886 818 est.
937 753 1022 819 Nam
1043 769 1073 820 et
1095 759 1294 842 quadruplum
1313 763 1389 841 ejus,
1410 761 1491 842 quod

540 851 609 912 aliia
624 853 790 935 hospitibus
807 857 948 935 assignari
962 867 1164 940 consueverat,
1177 856 1203 916 ei
1217 855 1366 916 decretum
1382 866 1444 917 est:
1460 867 1494 918 et

541 968 663 1009 munera
681 971 698 1010 e
719 950 838 1011 talentis
857 951 1028 1031 octogiutab
1045 953 1143 1024 missa,
1162 973 1229 1032 quae
1246 962 1343 1012 tamen
1362 952 1414 1013 illa
1432 973 1492 1014 non

542 1047 667 1127 accepit.

394 1135 521 1188 Emi-⁶⁸
582 1149 632 1205 lu.
653 1135 839 1208 Ptolenn'aeus
859 1154 922 1204 tum
942 1145 1047 1205 iterum
1067 1145 1221 1224 regnabat,
1241 1143 1364 1205 Latburi
1382 1165 1492 1225 cogno·

324 1256 329 1269 ⁸
378 1200 500 1266 pseud.

377 1265 470 1332 Porptr.

378 1527 513 1580 Pansam.

541 1249 641 1300 mento
652 1259 673 1302 a
683 1240 790 1300 ceteris
801 1239 941 1319 distingui
958 1239 1078 1301 solitus:
1100 1261 1189 1322 quem
1202 1249 1270 1322 post
1280 1241 1378 1302 fratris
1391 1241 1492 1304 Alex·

540 1337 626 1398 andri
639 1357 753 1410 necem,
767 1337 967 1398 Alexandrini
979 1337 1018 1399 ud
1031 1347 1115 1400 vetus
1127 1357 1247 1418 regnum
1260 1359 1277 1398 e
1291 1336 1395 1420 Cypro
1408 1359 1492 1400 revo-
1531 1413 1533 1416 Ι

540 1443 690 1497 caverant.
733 1431 817 1495 Nam
839 1443 962 1496 matrem
975 1434 1168 1516 Cleopatram
1185 1433 1373 1506 Alexander,
1396 1435 1492 1496 Alex·

541 1530 666 1594 wdrum
678 1531 814 1612 AEgyptii
832 1531 913 1592 bello
928 1533 1073 1612 persecuti
1085 1529 1265 1592 occiderant.
1308 1531 1420 1612 Neque
1438 1532 1492 1594 ad·

540 1629 600 1690 huc
611 1628 700 1710 plane
711 1636 810 1689 motus
822 1647 923 1688 omnes
935 1628 1061 1689 extincti
1074 1635 1168 1698 erant,
1179 1647 1348 1709 quanquam
1361 1627 1491 1702 Thebas,

541 1744 608 1808 quae
620 1723 802 1796 deiecerant,
810 1723 928 1784 triennii
942 1722 1023 1784 bello
1034 1723 1192 1804 recepisset
1202 1723 1396 1797 Ptolemaeus,
1402 1725 1491 1787 adec-

541 1841 600 1903 qne
612 1821 773 1899 redegisset
784 1819 920 1892 humiles,
931 1831 964 1881 ut
976 1822 1028 1882 vix
1042 1821 1182 1882 memoria
1191 1821 1377 1902 pristinarum
1391 1843 1492 1905 opum,

542 1919 650 2000 quibas
662 1916 746 1978 nulla
756 1917 863 1978 civitas
872 1918 1019 1999 copiosior
1032 1915 1100 1989 luit,
1115 1917 1338 1999 relinqueretur.

581 2021 633 2078 20.
659 2013 757 2095 Igitur
780 2015 853 2077 dum
876 2017 923 2077 his
944 2016 980 2094 in,
1001 2014 1075 2076 locis
1099 2015 1184 2076 varia
1206 2035 1260 2096 per
1284 2015 1494 2097 impedimenta

542 2111 686 2173 Lucullus
692 2111 868 2183 detinetur?
883 2111 917 2172 L.
924 2109 1013 2193 Sylla
1024 2131 1143 2172 manum
1155 2111 1280 2172 militum
1293 2111 1441 2174 frumenta
1453 2133 1492 2174 ex

541 2207 664 2270 Piraeeo
677 2207 815 2269 Athenas
832 2209 1012 2290 portantium
1024 2227 1092 2268 cum
1106 2208 1177 2290 ipsis
1189 2209 1311 2268 sarcinis
1328 2209 1493 2291 intercepit.

542 2306 670 2367 Prodita
681 2307 760 2366 enirn
773 2326 811 2365 ea
822 2325 869 2366 res
881 2305 1032 2384 glandium
1046 2306 1234 2387 inscriptione
1243 2304 1349 2366 luerat.
1376 2305 1492 2367 Eadem

540 2403 589 2464 die
602 2403 641 2465 ad
655 2403 833 2465 Chalcidem
846 2422 914 2463 curn
923 2402 1069 2463 Archelai
1080 2403 1171 2464 fratre
1183 2402 1386 2486 Neoptolemo
1396 2402 1493 2464 felici·

540 2511 587 2562 ter
606 2501 780 2562 dimicatum
801 2509 857 2562 est.
907 2501 1036 2580 legatus
1060 2499 1095 2561 L.
1115 2499 1209 2582 Syllae
1229 2501 1395 2572 Munatius,
1413 2500 1495 2562 mille

540 2599 711 2680 quingentis
722 2597 866 2660 militibus
879 2597 1053 2666 interfectis,
1067 2596 1222 2679 aliquanto
1241 2597 1374 2680 pluribus
1386 2599 1493 2680 captis,

541 2695 619 2756 duce
631 2716 750 2777 qnoque
762 2688 890 2757 hostium
904 2696 1049 2767 sauciato,
1063 2696 1188 2777 pretium
1202 2714 1300 2776 opere
1313 2695 1395 2755 lecit.

582 2800 633 2853 21.
656 2793 759 2854 Parvo
771 2802 839 2874 post
850 2802 993 2874 tempore,
1006 2812 1073 2853 cum
1086 2793 1191 2873 sopitis
1202 2792 1375 2853 custodibus
1387 2794 1496 2854 moenia

542 2890 655 2952 Piraei
678 2891 906 2971 negligerentur,
933 2889 1066 2951 Romani
1089 2890 1210 2961 milites,
1231 2889 1328 2949 scalas
1351 2890 1497 2952 machinis

540 2990 734 3068 imponentes,
748 2987 779 3047 iu
791 3007 908 3048 murum
920 2994 1088 3058 evaserunt,
1108 2995 1150 3057 et,
1169 3006 1244 3067 quos
1262 2986 1389 3067 primum
1410 2988 1495 3068 obje-

539 3093 625 3145 cerat
640 3104 736 3155 cusus,
752 3084 976 3144 obtruncarunt
1020 3083 1164 3144 Excitato
1183 3083 1257 3142 inter
1274 3081 1339 3143 hec
1354 3084 1495 3157 tumultu,

541 3179 647 3259 vigiles
658 3182 767 3262 partim
781 3180 811 3240 in
824 3179 968 3262 oppidum
980 3180 1065 3260 quasi
1074 3181 1140 3258 jam
1152 3179 1247 3260 captis
1260 3180 1405 3240 moenibus
1415 3178 1494 3241 desi-

541 3276 669 3337 lierunt:
690 3276 742 3336 alii
755 3277 872 3356 magnis
883 3276 989 3336 animis
1002 3275 1162 3336 certamine
1175 3276 1259 3347 inito,
1273 3276 1382 3347 hostes,
1396 3277 1495 3338 occiso

542 3374 594 3455 qui
606 3394 658 3434 eos
669 3374 810 3446 ducebat,
823 3374 989 3456 praecipites
1002 3373 1174 3450 abegerunt.
1209 3372 1282 3432 Hoc
1296 3372 1415 3434 invitati
1427 3394 1495 3435 suc-

541 3490 625 3531 cessu
638 3471 723 3549 regii,
735 3490 794 3531 non
814 3470 944 3531 contenti
961 3468 1124 3551 periculum
1145 3468 1296 3551 repulisse,
1310 3468 1495 3551 eruptionem

542 3565 687 3638 lecerunt,
707 3586 768 3647 qno
785 3566 853 3627 loco
869 3567 964 3627 altera
982 3565 1187 3625 Romanorum
1207 3566 1292 3625 trinis
1304 3564 1495 3627 exaedificata

542 3660 652 3723 iuerat:
671 3664 939 3745 incendissentque,
953 3663 1006 3723 nisi
1019 3662 1191 3723 continuato
1205 3682 1257 3742 per
1271 3672 1387 3723 noctem
1399 3662 1495 3724 dism-

542 3778 602 3840 que
614 3759 727 3831 labore,
743 3759 842 3842 Sylla,
855 3762 907 3841 qni
919 3780 958 3821 ex
972 3760 1077 3820 castris
1090 3758 1205 3819 auxilio
1221 3767 1397 3829 accurrerat,
1411 3760 1497 3819 reati·

543 3856 635 3917 tisset.
678 3856 875 3918 cumdeinde
894 3858 985 3919 aliam
1003 3876 1043 3917 ex
1062 3856 1185 3918 adverso
1207 3858 1310 3917 turrim
1324 3855 1497 3918 Archelaus

544 3954 709 4026 struxisset,
731 3953 783 4015 din
801 3975 842 4015 ex
859 3954 964 4016 vicinis
981 3954 1160 4035 paribusque
1183 3954 1396 4015 munitionibus
1414 3958 1496 4017 omui

515 4064 521 4077 ¹
544 4070 650 4130 genere
673 4052 798 4112 telorum
818 4060 964 4112 certaturn
985 4060 1048 4111 est:
1069 4050 1164 4111 donec
1177 4048 1267 4131 Sylla
1285 4044 1390 4130 viginti
1408 4052 1494 4113 simul

545 4146 700 4228 plumbeos
711 4168 816 4227 gram
828 4147 933 4227 globos
943 4147 1104 4227 catapultis
1115 4149 1214 4207 excuti
1231 4148 1333 4227 jussit
1376 4144 1498 4225 Horum

442 4250 447 4255 ’
546 4244 658 4324 impetu
670 4244 757 4305 multi
775 4245 903 4305 hostium
915 4246 1018 4319 occisi,
1034 4253 1075 4317 et,
1092 4243 1173 4326 qnod
1189 4244 1335 4325 praecipue
1346 4242 1495 4305 desidera·

475 4467 478 4476 .
590 4415 603 4449 δ
622 4416 727 4467 Tabuit
736 4415 870 4479 uagata]
886 4416 985 4469 Marcia
996 4416 1099 4483 argenti
1110 4414 1269 4467 nostratibus
1281 4418 1354 4467 tout.
1380 4408 1451 4467 Creo.
1486 4394 1490 4399 ’

580 4478 794 4532 'Auum
818 4480 945 4534 A.c.ss.
