3300 5225
433 542 537 593 ttulu
563 542 675 593 XGlX.
698 542 1024 593 SUPPlrlillliN‘l'llbl.

166 690 254 751 annia
266 698 313 749 est
327 689 533 761 intermissum,
546 710 615 751 cum
633 688 707 749 illud
723 687 758 750 L.
773 688 861 769 Sylla
872 689 1002 749 dictator
1013 689 1056 748 ita
1068 706 1118 747 ac·

164 788 249 867 cepit
260 794 443 866 perpetuum,
457 793 491 855 ut
503 784 597 865 tnagis
618 786 648 847 ic
668 796 845 867 perpetuum
861 786 1005 846 aboleret.
1047 783 1120 844 Nec

165 884 249 943 enim
261 883 324 964 ipse
335 882 386 942 diu
399 883 536 942 sustinuit
549 882 703 955 invidiam,
717 904 771 943 nec
782 892 867 943 tanta
880 884 1064 943 laboraturos
1075 884 1120 941 in-

165 981 253 1040 sania
267 988 400 1061 posteros
418 988 530 1039 nostros
542 980 794 1052 crediderim,‘ut‚
813 981 910 1042 donec
929 980 1121 1061 Syllanorum

166 1086 334 1159 temporum
351 1077 469 1137 extabit
483 1078 634 1148 memoria,
651 1098 751 1139 creare
771 1078 949 1139 dictatorem
963 1068 1121 1157 concupis'·

167 1183 249 1237 cant.
273 1174 363 1235 Marii
373 1194 490 1255 qnoque
500 1190 612 1256 paucos
624 1176 702 1237 intra
712 1194 804 1236 annos
813 1175 1005 1256 multiplicati
1017 1196 1123 1236 consu·
1176 1260 1180 1265 ι

168 1270 260 1343 labus,
269 1270 342 1352 quid
352 1270 435 1333 aliud
447 1291 538 1352 quem
546 1274 694 1332 coutinuae
705 1273 861 1353 potestatis
874 1292 1016 1343 amorem,
1027 1281 1058 1333 et
1071 1292 1124 1353 per

168 1368 251 1429 bunc
276 1368 479 1430 acerbissimas
501 1368 674 1449 reipublicae
706 1368 894 1429 calamitates
921 1368 1124 1451 pepererunt?

169 1464 325 1525 Praetereo
344 1468 423 1545 jam,
441 1464 523 1546 quod
547 1464 693 1545 ejusmodi
717 1464 797 1545 leges
818 1473 928 1527 statum
950 1463 1125 1526 convellunt

167 1562 309 1623 civitatis.
342 1560 425 1621 Nam
442 1563 466 1621 si
485 1581 572 1643 aequa
587 1562 726 1623 libertate
740 1562 877 1641 fruimur,
895 1563 1030 1623 laborum
1044 1571 1124 1624 certe

170 1658 417 1741 praemiorumque
429 1660 575 1719 neminem
588 1660 691 1721 baberi
702 1670 850 1721 exsortem
862 1661 1013 1721 convenit.

212 1764 264 1819 25.
284 1757 354 1817 ‘At
367 1778 424 1817 non
435 1766 481 1817 est
492 1766 646 1839 praterea,
660 1759 712 1838 qui
723 1745 850 1837 negotiis
861 1757 997 1820 sufficiat.
1039 1756 1126 1818 Dura

137 1923 145 1931 ἱ
169 1853 307 1937 profecto
319 1873 391 1925 vox,
412 1861 444 1914 et
464 1853 605 1914 adversus
625 1862 671 1915 tot
690 1855 874 1917 excellentes
885 1857 964 1917 viros
983 1855 1125 1936 injuriose

170 1970 296 2033 procax.
339 1947 400 2010 Sed
420 1949 525 2009 demus
538 1970 600 2010 esse
614 1970 734 2031 paucos.
776 1950 950 2013 Jametiarn
970 1952 1126 2032 pauciores

169 2046 341 2117 effeceritis,
355 2046 379 2105 si
393 2044 433 2105 ad
446 2066 492 2105 res
501 2045 644 2125 gerendas
656 2047 765 2107 nemini
776 2056 883 2128 praeter
894 2066 984 2107 uuum
995 2047 1126 2127 aliquem

170 2142 353 2223 relinquetur
380 2141 488 2203 aditus.
540 2141 643 2203 Nemo
674 2144 754 2204 enim
785 2144 944 2225 imperator
974 2144 1124 2204 nascitur:

171 2258 282 2319 magno
294 2239 406 2311 labore,
425 2238 526 2299 multis
538 2239 688 2320 periculis,
700 2240 788 2321 longo
798 2243 889 2301 etiam
902 2250 1046 2322 tempore,
1059 2249 1125 2299 terr-

169 2334 276 2407 tando,
287 2336 482 2416 experiundo,
494 2334 622 2397 facultas
635 2358 672 2398 ea
681 2337 883 2419 comparanda
895 2346 950 2398 est
992 2336 1085 2404 Quod
1099 2336 1125 2395 si

1195 521 1284 587 ⁴875

171 2430 312 2493 adversm
326 2431 487 2491 Sertorium
499 2431 562 2493 dux
575 2434 660 2493 nobis
671 2432 778 2507 defuit,
794 2436 981 2515 (quanquam
992 2454 1051 2496 non
1064 2447 1126 2514 poe-
1219 2436 1222 2440 '

171 2527 250 2589 nitet
266 2528 310 2596 Q.
327 2527 472 2609 Metella)
496 2528 591 2589 minus
609 2530 747 2610 equidem
769 2532 874 2591 mirum
896 2539 952 2602 est,
970 2531 1042 2612 quia
1061 2540 1127 2591 tum

171 2623 270 2686 divise
284 2627 433 2687 intestinis
446 2625 534 2686 bellis
546 2628 679 2698 civitate,
693 2628 779 2689 multi
794 2649 912 2689 suorum
925 2630 1014 2689 armis
1028 2628 1126 2688 interi·

170 2731 277 2782 erant:
299 2743 354 2784 nec
375 2722 514 2784 adversus
537 2722 701 2784 Sertorium
721 2724 796 2786 duce
816 2725 1019 2786 habuissemus
1038 2743 1125 2804 opus,
1153 2732 1158 2742 '

171 2819 200 2878 si
212 2819 336 2880 retinere
356 2820 519 2881 Sertorium
535 2821 701 2902 respublica
714 2825 868 2904 potuisset.
906 2822 1022 2881 Tamen
1034 2821 1126 2883 etiam
1178 2821 1183 2832 '

171 2923 236 2976 tum
259 2915 381 2978 fuissent
403 2917 592 2980 hauddubie
616 2919 726 3000 plures,
745 2921 800 2980 nisi
821 2919 1020 3002 superioribus
1043 2918 1127 2978 annis

172 3011 286 3075 tradita
306 3017 409 3096 paucis
429 3017 597 3076 hominibus
617 3018 780 3098 republica,
798 3027 962 3079 ceterorum
981 3018 1075 3079 virtus
1096 3017 1127 3074 in

172 3111 247 3182 otio,
261 3121 404 3193 tanquam
416 3114 470 3173 sub
484 3113 632 3174 cineribus
643 3113 773 3192 flamma,
787 3116 995 3197 obtorpuisset.

216 3217 267 3271 26.
289 3220 298 3247 ‘
319 3211 468 3279 Quorsum
495 3220 594 3272 summ
614 3213 803 3292 magistratus
823 3213 935 3275 creatis
957 3230 1083 3281 anuum,
1102 3210 1128 3270 si

174 3307 290 3368 nullam
311 3306 351 3367 ad
371 3327 432 3368 rem
453 3308 598 3388 insignem
611 3328 712 3369 eorum
725 3327 816 3390 opera
827 3311 900 3370 estis
911 3308 1015 3368 usuril
1057 3305 1128 3365 Ma-
1187 3341 1192 3350 ·

168 3407 307 3485 joramne
320 3405 405 3465 robis
416 3405 462 3464 illi
482 3405 606 3484 gratiam
626 3407 780 3467 habebunt
792 3408 832 3467 ob
845 3405 1034 3477 beneficium,
1047 3402 1129 3486 quod

174 3503 287 3562 bonore
309 3499 414 3580 dignos
439 3502 595 3576 habuistis,
616 3523 655 3584 an
677 3505 895 3565 succensebunt
916 3504 957 3564 ob
977 3503 1129 3581 injuriam,

172 3599 264 3680 quasi
284 3599 314 3659 in
335 3599 393 3659 hoc
412 3619 464 3660 eos
482 3588 664 3674 creaveritis,
678 3608 713 3661 ut
728 3603 838 3682 majori
854 3601 1000 3662 dedecore
1018 3597 1129 3659 bomini

175 3695 293 3778 privato
305 3696 571 3777 postponerentur?

217 3798 269 3856 27.
291 3799 301 3828 ⁴
323 3791 386 3852 Sed
411 3792 459 3853 ha
480 3791 599 3874 quidem
621 3793 753 3854 civitatis
773 3791 854 3872 leges
878 3800 969 3873 atque
994 3790 1130 3852 instituta

174 3896 257 3960 mut,
271 3907 338 3969 quae
351 3888 485 3962 formae,
500 3890 525 3950 si
538 3891 659 3950 omnino
674 3889 839 3960 volueritis,
854 3890 966 3950 moveri
980 3893 1129 3969 poterunt.

175 3985 226 4046 At
238 3992 352 4045 uaturae
367 3985 448 4065 leges
460 3986 513 4067 qui
525 3987 690 4058 mutabitis,
705 3988 792 4064 cujus
805 3985 994 4065 providentia
1004 3985 1047 4044 sic
1060 3991 1130 4042 sunt

175 4101 225 4143 res
242 4081 395 4155 ordinata,
416 4091 451 4142 ut
475 4082 506 4143 id
527 4083 688 4163 negotium,
709 4083 757 4142 cui
779 4101 833 4142 vos
856 4102 946 4142 unum
966 4083 1128 4163 praeficitis,

173 4261 237 4299 uem
249 4247 450 4300 Catulnsunum
467 4247 636 4300 omninodic·
670 4249 781 4302 Siciliam
792 4248 992 4301 transmitteret.
1026 4249 1132 4302 Riceet

176 4323 291 4364 tutorem
303 4323 421 4364 creatum
432 4329 497 4378 esse,
508 4315 636 4380 quiextra
672 4317 769 4365 Atilios
795 4315 941 4374 Calatinus,
960 4315 993 4368 de
1008 4331 1059 4382 quo
1078 4317 1132 4368 vid.

89 4443 91 4448 ι
174 4379 284 4432 ltaliam
293 4394 354 4432 cum
365 4381 636 4447 imperioemt,ctiu
671 4392 759 4448 supra,
772 4383 888 4433 xix-3⁰.
906 4381 978 4433 Grec.
