3300 5225
391 589 496 638 arsur
522 586 653 637 nxxrr.
676 584 1004 637 surrnsusrrruu.
1173 565 1262 633 ttffl

135 733 289 814 justitium
314 730 467 793 micum:
496 751 571 812 saga
591 728 721 812 populus
741 730 855 790 sumit.
898 727 1020 791 Interea
1040 726 1099 789 Gn.

142 832 293 913 Pompeio
305 830 427 911 praetori
440 829 591 907 negotium
608 838 728 889 senauu
740 827 877 899 dederat,
886 835 922 885 ut
932 848 1002 887 oum
1014 848 1100 888 exer·

140 931 203 990 citu
224 928 379 992 Amulum
397 927 566 999 accederet,
585 927 673 987 initia
695 926 771 987 belli
792 946 995 1008 oppressurus.
1036 924 1100 986 lata

139 1036 258 1087 strenue
281 1025 445 1107 proiectus,
464 1024 638 1087 Asculanos
659 1023 699 1086 ad
722 1023 967 1109 satisfaciendum
986 1022 1100 1105 popule
1165 1082 1169 1091 ,

142 1124 296 1195 Romano
322 1123 544 1205 tradendusque
564 1122 741 1184 defectionis
759 1131 896 1184 auewres
916 1123 1099 1193 cohortatus,

139 1222 410 1283 renuentibusrim
423 1222 562 1292 intentat,
574 1221 757 1302 eduetmque
769 1220 872 1304 copias
884 1222 1100 1303 oppugnationi
1236 1250 1239 1259 ¹

142 1328 266 1400 paratas
278 1320 381 1381 habet
423 1318 576 1400 Oppidani
585 1318 624 1379 de
637 1318 782 1379 industrie
790 1326 902 1379 metum
914 1318 1098 1390 simulantes,
1127 1328 1227 1380 Frons·

141 1428 176 1478 nt
184 1419 322 1479 ineautoe
332 1416 517 1489 invaderent,
522 1420 715 1497 juventutem
725 1417 803 1476 intra
815 1436 915 1477 muros
927 1417 1099 1477 instructam
1111 1394 1183 1513 ῗζηῑ·
1194 1408 1238 1445 ¹¹¹·

140 1524 267 1577 tenent}
287 1536 401 1599 pansos
417 1515 563 1587 homines,
575 1535 686 1595 eosque
699 1534 839 1594 magnam
857 1524 971 1595 partem
981 1514 1099 1575 valetu-

140 1613 212 1675 dine
221 1612 485 1684 autaeroiuutiles,
495 1614 527 1673 in
537 1614 681 1675 moerribus
690 1612 801 1673 loeaut.
823 1611 943 1673 Idcirco
953 1611 1101 1685 Romanii·

141 1711 278 1793 prolecto
293 1710 431 1771 dimissos
448 1710 509 1771 alio
521 1711 658 1790 juniores
669 1710 816 1783 arbitrati,
829 1730 949 1791 remque
961 1707 1019 1771 sibi
1032 1719 1100 1771 ten·

139 1820 208 1871 um
222 1830 293 1871 eum
305 1829 400 1891 parvo
411 1807 555 1869 debilium
568 1828 691 1869 numero
700 1806 775 1880 lore,
795 1810 967 1872 contemtim
980 1828 1099 1888 suggre-

140 1908 273 1969 dinnlur.
316 1906 399 1967 Dum
418 1906 473 1967 alii
491 1906 639 1967 suffodere
658 1926 769 1978 muros,
782 1905 836 1965 alii
853 1926 992 1987 superare
1011 1906 1101 1967 scalis

141 2004 280 2076 tendum,
297 2012 331 2064 et
343 2004 376 2063 in
392 2004 470 2065 hanc
482 2024 571 2065 unam
585 2024 647 2063 rem
660 2003 780 2063 intentis
790 2004 888 2064 omnis
901 2003 1026 2085 perierdi
1038 2024 1100 2064 me·

140 2110 232 2163 taret
241 2102 343 2163 cautio
356 2103 459 2171 abusu
481 2102 581 2163 subito
591 2101 702 2183 apertis
714 2102 818 2181 portis,
831 2100 867 2162 lit
879 2100 1100 2163 Asculanorum

141 2200 290 2261 acerrima
305 2202 433 2281 eruptio,
447 2199 641 2282 Romanique
658 2197 761 2259 multis
779 2199 958 2261 desideratis
976 2220 997 2261 a
1015 2218 1102 2260 muro

141 2298 327 2377 rejiciuntur.

183 2409 217 2463 θ.
247 2401 332 2464 Inter
354 2402 409 2462 lros
432 2400 533 2463 Italiae
558 2412 667 2476 meurs,
689 2402 988 2485 expectationemque
1013 2400 1100 2483 longe

141 2500 307 2580 gravissimi
316 2500 401 2571 belli,
413 2500 450 2559 L.
463 2500 564 2561 Julius
577 2500 692 2573 Gaesar,
703 2500 745 2562 P.
760 2499 898 2560 Rutilius
911 2499 947 2559 L.
961 2498 996 2559 1².
1009 2498 1045 2561 L.
1053 2498 1099 2562 N.

142 2599 247 2682 Lupus
255 2597 441 2659 consulatuum
452 2595 563 2660 Romae
574 2598 722 2660 iniverunt
732 2619 740 2658 ε
750 2598 768 2634 *
779 2596 909 2677 (cesari
919 2596 1021 2658 multis
1031 2596 1100 2682 Ap·

141 2698 224 2778 pinni
238 2696 313 2757 loeis
324 2715 379 2778 pro
391 2695 487 2757 Lucio
499 2716 668 2778 praenomen
682 2697 769 2759 Sexti
779 2695 900 2758 additur
909 2699 933 2776 ι)
946 2715 1007 2778 quo
1022 2717 1099 2759 anno
1111 2707 1263 2764 Phnoum.

141 2795 189 2854 sol
210 2794 330 2854 rubenti
351 2793 468 2856 circulo
495 2795 697 2857 circumdatus
716 2797 867 2877 apparuit,
888 2815 995 2874 magno
1018 2795 1099 2877 apud

140 2892 260 2952 animos
281 2890 351 2951 aliis
366 2892 434 2971 jam
455 2899 524 2952 aule
544 2892 642 2952 causis
661 2890 793 2953 solicitos
810 2893 911 2952 nictu:
934 2892 1230 2974 eodemquesuou.

141 3007 215 3048 mox
234 2988 390 3067 insigniter
403 2996 492 3048 aucto
504 2997 626 3070 propter
640 2989 776 3050 Metellae
790 2989 924 3051 cecilie
941 2992 1098 3062 somnium,
1110 2972 1262 3090 ff'ffi‘tffz·

140 3084 185 3152 Q.
201 3083 355 3145 Balearioi
368 3083 450 3145 liliae.
491 3082 641 3146 Junonem
655 3085 818 3168 Sospitam,
829 3085 909 3168 quod
920 3087 1033 3168 templa
1044 3107 1099 3147 sua
1109 3113 1136 3152 et
1146 3105 1229 3155 n.oo.

138 3179 294 3242 immunde
319 3181 511 3253 habemumr,
531 3181 758 3263 profugientem,
778 3184 840 3244 suis
860 3185 997 3266 precibus
1020 3167 1205 3264 agrem*

140 3288 315 3340 moseum
327 3299 392 3339 esse
404 3299 458 3360 per
469 3281 601 3360 quietem
614 3280 740 3342 viderat.

179 3383 213 3440 ’7.
235 3375 315 3436 llam
328 3396 391 3436 rem
404 3385 524 3436 seusun
532 3377 653 3438 minime
663 3377 872 3458 negligendam
885 3398 949 3439 esse
962 3380 1097 3441 censuit:

140 3472 222 3554 quod
237 3493 343 3554 paoem
360 3473 502 3546 numinis,
522 3475 572 3534 eui
592 3474 732 3536 mlutaris
750 3477 860 3537 inesset
877 3477 1052 3558 appellatio,
1067 3465 1099 3538 et
1126 3481 1179 3534 cic.
1190 3497 1236 3548 pro

140 3571 190 3630 eni
215 3569 355 3632 commiss
378 3590 482 3630 omnes
501 3570 600 3632 lacere
619 3593 772 3633 necessum
790 3583 878 3646 sset,
901 3575 1036 3654 inprimis
1058 3545 1177 3635 adum·
1186 3565 1210 3598 ⁰·
1218 3552 1261 3600 ⁴¹·
1373 3574 1380 3593 ‘

143 3667 269 3728 tutelam
281 3667 455 3748 reipublieae
467 3669 613 3750 pertinere
625 3670 777 3732 credebat.
819 3669 918 3750 Igitur
930 3671 968 3732 de
981 3680 1097 3734 senten·
1109 3675 1260 3729 Cic-deDiv.

142 3767 186 3825 tia
197 3773 317 3847 patrum
329 3765 597 3846 supplicationibus
606 3769 726 3842 habitis,
738 3768 774 3831 L.
788 3767 889 3829 Julius
904 3770 1007 3831 consul
1023 3779 1098 3832 tem·
1110 3741 1203 3809 omi·
1267 3759 1275 3769 ’

142 3863 227 3944 plum
238 3862 364 3923 reiecit:
378 3862 455 3924 adeo
467 3864 588 3944 quidem
598 3867 781 3946 negligenter
794 3867 940 3939 habitum,
949 3877 983 3928 ut
992 3877 1100 3952 praeter

143 3963 219 4023 alias
234 3960 339 4021 sordes
356 3962 412 4020 sub
427 3962 492 4043 ipso
509 3963 667 4035 simulacro
686 3963 762 4026 Dete
780 3965 863 4024 oanis
877 3963 994 4026 catulos
1008 3967 1100 4027 enixa

144 4059 331 4142 reperiretur.
374 4059 512 4120 Metelle
534 4063 685 4141 negotium
706 4062 809 4123 datum
833 4063 928 4143 (quod
949 4085 1015 4124 earu
1037 4084 1099 4145 prae

146 4158 251 4217 ceteris
262 4155 375 4217 Junoni
387 4167 504 4236 gratam
516 4179 579 4220 esse
592 4165 763 4242 appareret)
777 4170 787 4196 ⁴
801 4169 836 4222 ut
847 4181 934 4242 grege
947 4171 1098 4222 matrona-

147 4261 233 4325 rum,⁸
244 4254 371 4316 sordidis
380 4257 583 4338 obaemu'sque
592 4258 723 4340 corporis
731 4259 955 4343 coinquinatum
966 4259 1099 4320 ministe-

178 4420 194 4450 '
211 4419 401 4474 Λάκωσι
432 4423 512 4476 M).
528 4429 570 4476 eo.
639 4426 1099 4490 mcarlegurnavsrborumuruo·

179 4487 604 4558 ‘Ulmanus-luatis
639 4500 709 4545 tura.
739 4491 794 4544 Sed
814 4501 843 4544 et
862 4493 1019 4560 obsequens
1039 4495 1098 4560 lpse
