3300 5225
393 606 501 658 nunus
525 607 650 659 cxxv.
673 606 999 661 surrnnunsrun,
1167 594 1256 660 «1509

135 750 182 809 rio
194 747 368 827 ambiguam
377 746 477 810 locere
489 750 673 811 contendet?
705 748 873 831 Nunquam
885 750 1022 812 defuturo
1029 770 1092 813 cer·

138 846 265 916 minc,
285 846 311 905 si
331 846 492 925 cujuslibet
511 846 668 928 cupiditati
690 848 840 929 operietur
860 856 959 930 septus
979 848 1095 927 legibus

138 942 235 1002 locus.
269 940 313 1001 Et
323 942 377 1001 bos
389 962 447 1002 nou
461 941 552 1002 ulium
572 944 611 1002 ob
625 962 746 1003 cunum
763 942 850 1017 latos,
869 964 960 1026 quam
973 952 1007 1004 ut
1024 963 1094 1005 con-

139 1038 290 1098 tentiones
314 1047 523 1119 amputentur:
546 1039 702 1120 ipsumque
726 1039 882 1121 populum,
909 1040 981 1102 licet
1007 1040 1096 1123 plone

139 1134 324 1194 liberrimum
337 1134 383 1195 sni
394 1136 474 1214 juris
490 1136 645 1208 arbitrum,
665 1145 765 1196 tomen
777 1138 835 1197 sibi
848 1138 947 1217 legum
958 1138 1012 1197 bos
1024 1156 1096 1197 cun-

139 1230 236 1292 cellos
247 1230 488 1304 circumdedisse,
500 1239 535 1293 ut
547 1233 578 1293 in
591 1234 706 1312 mugnis
718 1235 855 1313 negotiis,
873 1243 905 1295 et
921 1252 988 1314 quae
1008 1220 1097 1294 rnlde

141 1328 181 1389 nd
206 1328 423 1409 rempublicam
444 1331 603 1411 pertinent,
628 1350 688 1392 non
711 1330 832 1411 quidem
859 1329 1020 1403 edentum,
1044 1330 1097 1391 sed

141 1433 244 1485 ternert
267 1446 288 1486 c
306 1426 464 1507 semetipso
483 1428 679 1487 constrictam
698 1427 887 1488 voluntatem
903 1448 978 1499 esse,
1000 1448 1097 1511 neque

141 1530 253 1583 temere
261 1520 446 1595 solvendnrn,
458 1542 526 1604 quae
538 1522 664 1602 slligots
674 1522 812 1585 consulto
824 1527 874 1596 rit,
887 1522 1057 1603 intelliget?

182 1624 236 1679 52.
257 1616 322 1679 Diu
338 1618 404 1679 bec
422 1620 571 1699 utrimque
584 1618 685 1680 multis
695 1621 888 1681 concionibus
905 1620 1098 1699 agitettcum

141 1725 261 1787 cuent,
274 1715 419 1799 bonisque
441 1716 577 1777 omuibus
596 1737 687 1780 ceusu
708 1716 747 1778 0.
771 1717 900 1780 cauus
919 1716 1098 1799 displiceret,

140 1812 231 1872 simul
255 1810 416 1872 adverserii
432 1814 498 1892 ejus
517 1813 579 1873 uini
596 1813 785 1884 intentarent,
798 1814 895 1875 rictus
912 1822 965 1873 eut
981 1816 1101 1875 territus
1213 1836 1218 1847 ·

142 1908 249 1969 Oaesnr
269 1909 412 1990 petitione
433 1909 585 1971 abstinuit.
626 1909 663 1970 L.
679 1909 836 1972 cornelius
854 1908 952 1990 Syllo,
967 1918 1101 1992 utsupra

142 2004 352 2075 indicavimus,
364 2013 477 2066 etcum
488 2025 525 2065 eo
538 2006 580 2073 Q.
595 2004 760 2087 Pompeius
772 2007 816 2073 Q.
831 2006 868 2067 1².
882 2010 927 2067 A.
941 2004 986 2066 N.
999 2004 1101 2068 Rufius

142 2102 295 2181 designati
306 2110 384 2162 mut
425 2099 498 2163 Nec
511 2110 611 2162 tomen
626 2102 695 2163 ideo
707 2104 872 2163 extinctum
887 2101 963 2164 illud
978 2112 1100 2164 conten·

143 2201 235 2260 tionis
246 2199 347 2260 civilis
361 2197 529 2259 incendium
547 2208 603 2271 est,
624 2199 696 2280 quin
716 2208 821 2280 postes
840 2198 872 2259 in
889 2199 1001 2261 bellum
1015 2208 1100 2281 sper-
1128 2221 1255 2277 Ami„

144 2306 209 2356 tunr
221 2302 401 2376 crumperet.
443 2296 626 2376 Quanquam
639 2296 718 2355 enirn
736 2294 809 2355 belli
826 2296 923 2356 civilis
936 2296 1016 2358 luces
1029 2294 1101 2355 Mu·
1112 2289 1198 2340 ⁸⁰¹⁰!-
1316 2342 1322 2356 .

145 2396 204 2453 rins
216 2404 250 2454 et
263 2392 352 2473 Syllo
363 2392 567 2453 indubitanter
579 2392 715 2453 luerunt:
739 2400 840 2453 tumen
859 2394 898 2453 ob
916 2394 971 2454 ille
983 2414 1101 2474 quoque
1155 2430 1158 2437 ·

145 2493 335 2552 contentione
346 2491 473 2573 proiecti
487 2491 606 2553 fomites
620 2493 714 2570 nungis
724 2492 895 2553 excitarunt
907 2492 1101 2575 plueruntque

145 2597 308 2670 conceptos
320 2587 442 2655 aliunde
455 2586 599 2659 dommus,
619 2608 726 2668 mogun
739 2586 781 2648 P.
793 2586 921 2670 Sulpicii
934 2589 1035 2671 culpe,
1048 2592 1101 2672 qui
1129 2604 1221 2656 cicde

147 2707 166 2745 n
174 2688 264 2747 bonis
276 2687 370 2746 initiis
380 2693 412 2746 et
419 2687 532 2766 optimc
543 2705 646 2757 causo,
656 2686 749 2744 nimio
755 2687 954 2758 contentione,
966 2695 998 2746 ot
1007 2708 1101 2770 popu·
1112 2670 1257 2788 {gom

147 2783 218 2845 loris
229 2784 344 2846 favoris
355 2803 439 2855 curo,
453 2782 492 2844 sd
505 2782 613 2844 forrum
625 2791 656 2842 et
668 2801 752 2843 mma
764 2792 920 2863 provectus
931 2793 986 2846 est.
