3300 5225
901 504 935 553 Τ.
960 500 1054 551 btvtt

579 667 644 707 rum
658 646 689 707 id
704 646 824 728 quidem
838 648 869 708 in
883 648 1041 728 presentis
1052 646 1202 708 modicum
1215 644 1357 725 gnudium
1369 644 1440 716 luit,
1451 644 1531 725 quod

579 742 721 807 infirmior
733 766 770 807 es
789 766 859 827 pers
870 746 1070 819 sociorum,·et
1081 748 1112 807 in
1124 744 1262 806 ultim
1276 742 1379 804 ltnlirs
1391 742 1531 823 ungulum

579 852 726 903 summoto
744 852 817 903 erut.
1014 903 1019 918 ,

444 966 460 998 v
522 947 550 999 '.
621 946 650 999 ³.
662 938 821 1011 Ssmuites,
832 940 886 1021 qui
893 941 960 1020 jem
973 939 1028 1002 soli
1039 936 1533 1018 srmsretinebnnt,csmpenism·

476 1046 482 1059 '
517 1082 524 1097 .
580 1056 639 1117 que
661 1045 692 1095 et
716 1037 883 1117 superiores
904 1037 1037 1116 regiones
1061 1036 1224 1108 vexabunt,
1244 1034 1417 1105 conciliare,
1439 1036 1535 1113 mejus

580 1152 678 1213 operte
690 1134 817 1213 pretium
830 1132 945 1193 fueret:
967 1132 1019 1193 sed
1034 1132 1106 1193 dum
1126 1132 1266 1193 boum
1285 1129 1476 1191 conditiones
1491 1150 1534 1189 sea

581 1239 668 1290 ustus
690 1238 844 1310 expectat,
869 1250 889 1291 s
910 1229 1011 1290 Murio
1026 1228 1101 1289 nibil
1121 1249 1179 1289 nnn
1202 1229 1349 1288 tribuente
1370 1236 1536 1309 preventu

580 1336 636 1386 est.
679 1326 722 1394 Q.
740 1326 868 1387 Metello
878 1326 940 1389 Pic
953 1326 1090 1387 consules
1107 1347 1144 1387 eo
1160 1326 1199 1387 de
1219 1327 1337 1404 negotio
1348 1326 1536 1405 scripserunt,

581 1432 679 1483 cestre
701 1432 804 1483 contre
825 1421 976 1483 Snrnnites
992 1424 1125 1493 babenti,
1140 1432 1185 1492 ut,
1197 1422 1308 1503 quibus
1319 1428 1422 1503 posset
1432 1419 1536 1480 eondi-

582 1520 723 1593 tionibus,
736 1540 806 1582 cum
824 1520 861 1581 iis
877 1522 1065 1603 transigeret
1108 1519 1170 1581 Sed
1183 1520 1230 1580 illi
1241 1520 1396 1583 ciuitatem
1409 1538 1471 1579 non
1484 1517 1536 1577 sibi

491 1691 495 1701 ,
582 1616 683 1691 modo,
696 1618 748 1678 sed
761 1618 853 1679 etism
867 1618 915 1689 iis,
930 1620 982 1699 qui
998 1618 1039 1679 sd
1051 1639 1083 1679 se
1096 1616 1331 1697 trnnslugiment,
1343 1616 1537 1698 pacisceban-

580 1724 647 1777 tur:
670 1726 812 1797 praeteres
833 1716 965 1798 predum
982 1716 1191 1797 undecumque
1206 1714 1338 1776 sblntnm
1350 1713 1538 1774 retinebant:

582 1820 730 1893 postremo
755 1814 891 1894 ceptivos
916 1823 1006 1895 etque
1033 1811 1202 1891 transfugas
1222 1831 1324 1873 omnes
1345 1811 1402 1871 sibi
1426 1812 1539 1871 uestitu

584 1907 783 1991 postulabunt.
827 1910 906 1978 Ques
924 1920 986 1971 tsm
1010 1911 1164 1971 inhoneste
1181 1929 1251 1970 cum
1269 1929 1366 1990 neque
1384 1908 1540 1979 Metellus,

584 2026 680 2087 neque
699 2015 797 2087 putres
816 2006 1030 2078 concederentz
1053 2007 1153 2069 Cinns
1164 2007 1239 2088 quid
1252 2016 1388 2087 ageretur
1399 2008 1539 2078 sentiens,

585 2114 705 2165 suctore
721 2104 837 2177 Murio,
846 2125 1042 2186 quecumque
1062 2106 1202 2186 petissent
1216 2105 1377 2187 pollicitum,
1392 2103 1542 2165 Samnites

585 2203 719 2283 pertibus
731 2202 791 2262 suis
803 2203 953 2282 adjunxit.
996 2202 1050 2263 Ab
1068 2203 1115 2263 lris
1131 2202 1251 2271 deinde,
1265 2223 1334 2263 cum
1347 2201 1481 2264 Romam
1495 2222 1540 2263 sr-

585 2300 707 2359 ccssitus
720 2298 762 2367 Q.
778 2298 922 2361 Metellus
934 2310 1022 2372 esset,
1043 2300 1087 2360 A.
1101 2299 1244 2361 Plautius
1259 2320 1327 2361 cum
1340 2302 1474 2362 exercitu
1487 2321 1540 2381 cp-

586 2416 704 2477 pressus
720 2406 776 2459 est.

423 2510 608 2650 Affiitrnfim
628 2502 657 2603 4ἰ
681 2493 766 2650 Inter
789 2493 996 2654 hmtApfiiii
1015 2494 1323 2653 qassmfitiibm·
1337 2493 1475 2605 militnm,
1491 2496 1541 2574 qui

424 2647 532 2772 refe,
589 2610 1541 2770 mestit:'suntnffltsstilffi

424 2797 479 2847 Lis.
493 2795 558 2862 Epir.
589 2784 679 2846 misit.
722 2784 821 2846 Cinna
833 2806 952 2867 quoque
965 2807 1033 2846 cum
1050 2795 1135 2867 perte
1147 2786 1297 2846 exercitus
1307 2785 1413 2846 eedem
1433 2786 1542 2863 ingres·

426 2895 533 2960 Aspim
589 2899 639 2940 sus
652 2889 707 2952 est,
721 2883 880 2961 statimque
899 2882 938 2943 sd
953 2892 1051 2964 csptoe
1071 2882 1164 2942 Urbis
1181 2901 1326 2942 rumorem
1346 2880 1496 2942 Sertorius
1514 2891 1544 2940 et

591 2975 692 3038 carbo
710 2988 909 3038 accurrerunt.
951 2978 1026 3050 Sed,
1040 2979 1171 3040 Octavio
1185 2978 1307 3040 consule
1324 2988 1357 3039 et
1375 2977 1434 3038 Cn.
1449 2978 1542 3040 Pom·

590 3074 658 3155 peio
677 3073 812 3136 celeriter
831 3095 915 3136 erms
933 3077 1161 3158 opponentibus,
1180 3074 1280 3136 locunt
1298 3086 1399 3136 tenere
1411 3093 1472 3134 uon
1491 3095 1542 3154 po

591 3179 721 3232 tuerunt

443 3284 509 3334 Plus.
632 3265 869 3328 concumbere
882 3277 1015 3349 tempore
1025 3268 1131 3330 Cinnse
1144 3268 1257 3328 insidiis
1264 3268 1375 3348 petitus
1382 3267 1441 3328 Cu.
1451 3266 1544 3329 Pom·

426 3350 578 3464 mim·
591 3366 685 3447 peius,
706 3364 831 3426 consilio
856 3365 1051 3428 adolescentis
1070 3364 1138 3437 filii,
1160 3387 1249 3448 quem
1272 3375 1376 3446 postes
1400 3365 1545 3445 Magnum

445 3451 500 3529 cic'.
525 3450 532 3464 ’
572 3449 735 3524 'terrerum
747 3462 828 3522 orbis
844 3462 977 3540 ognovit,
989 3472 1036 3523 est
1051 3471 1251 3524 conservatus.
1294 3460 1328 3521 ls
1343 3482 1362 3521 u
1379 3462 1458 3522 virili
1476 3472 1546 3540 togt

426 3625 441 3658 e
482 3577 488 3592 ·
554 3543 765 3622 ’·οοιηιιιί1ἱϋο
785 3559 879 3640 putris
896 3569 1041 3631 mustus,
1062 3558 1303 3621 contubernnlem
1322 3558 1357 3617 L.
1375 3558 1545 3618 Terentium

428 3644 504 3724 fitur:
593 3657 734 3728 habebat,
751 3677 812 3738 quo
834 3657 992 3738 plurimum
1007 3666 1039 3717 et
1055 3657 1281 3718 semilisrissime
1296 3658 1444 3717 utcbntur.
1486 3657 1547 3717 Scd

593 3764 749 3836 corruptus
768 3775 788 3816 s
808 3754 909 3816 Cinns
925 3755 1081 3816 Terentius
1102 3757 1145 3816 its
1161 3765 1263 3837 pestes
1281 3775 1349 3815 cum
1369 3755 1457 3814 sociis
1470 3753 1546 3812 diri-

593 3861 682 3924 serst,
697 3861 731 3912 ut
742 3851 787 3912 illi
801 3853 1027 3914 tubernaculum
1040 3854 1126 3914 ducis
1137 3853 1339 3924 incenderent,
1350 3853 1399 3913 bic
1411 3873 1464 3932 per
1477 3851 1547 3912 insi·

593 3949 660 4010 diss
672 3948 790 4010 tolleret
802 3948 993 4032 Pompeium.
1034 3949 1113 4011 Tem
1126 3951 1236 4012 strocis
1248 3951 1391 4032 propositi
1405 3949 1547 4009 iudicium

593 4047 721 4106 sunnnti
748 4044 897 4126 Pompeio
920 4046 1052 4108 delnmrn
1070 4057 1125 4109 cst.
1168 4048 1241 4115 Quo
1261 4045 1457 4116 dissimuletur,
1476 4045 1549 4106 ndo·

595 4141 716 4230 lescens
734 4141 856 4202 hilarius
884 4143 974 4204 etiem
1003 4145 1091 4206 solito
1116 4145 1205 4216 bibit,
1235 4153 1268 4204 et
1296 4165 1365 4204 cum
1395 4141 1548 4213 Terentio,

596 4257 656 4317 qus
668 4237 784 4298 solebst
797 4240 950 4311 comitate,
966 4261 1053 4319 egere
1071 4241 1282 4321 perseverarit.
1325 4239 1444 4301 Deinde
1462 4240 1549 4302 cubi·

595 4333 697 4396 culum
719 4337 875 4417 ingressus,
899 4338 950 4400 ubi
971 4338 1168 4420 proditoribus
1189 4338 1261 4400 estis
1282 4357 1453 4421 permissum
1473 4358 1548 4410 csse,
