3300 5225
873 565 909 616 'l'-
933 563 1026 614 LlVll

551 707 623 770 tatia
634 709 803 770 veniretur?
837 707 1067 790 Aturgentibna
1075 704 1511 788 illir,dicentibuaque,‘Quid

419 852 428 872 .
550 806 819 885 igitur,aiventnm
833 806 943 868 fuerit?
962 807 1170 868 renuntinbial'
1204 803 1299 864 ‘Non
1312 803 1511 876 enuntiabo:

551 903 659 984 inquit.
699 904 806 984 Atque
823 889 910 972 vecie
925 904 1013 985 hujus
1030 905 1154 986 praeciae
1169 902 1310 963 severitas
1325 899 1512 983 Palicanum
1611 894 1614 900 ’

552 1020 572 1060 ιι
582 1021 698 1062 summa
709 1023 762 1082 φο
774 1000 953 1083 impetrandi
965 1002 1082 1062 honoris
1094 1001 1230 1060 removit

592 1105 644 1158 41.
665 1097 730 1159 Hie
748 1099 953 1160 oocneionibua
972 1097 1158 1159 dissidiorum
1180 1096 1315 1177 arreptis,
1338 1093 1377 1155 0.
1395 1095 1512 1156 Corne-

551 1193 622 1266 lina,
640 1203 674 1255 ut
690 1189 811 1256 tenebre
837 1198 983 1256 minueret
1004 1197 1222 1264 auctoritatem,
1244 1193 1446 1275 promulgavit
1467 1193 1514 1254 le-

552 1311 632 1371 gem,
654 1301 664 1328 ⁸
679 1311 718 1353 ne
729 1293 798 1375 quia
810 1293 866 1352 niai
887 1312 940 1374 per
962 1292 1104 1374 populum
1117 1292 1234 1370 legibus
1245 1290 1428 1352 solveretur?
1471 1290 1514 1350 Id

555 1391 720 1472 antiquitus
736 1410 857 1471 quoque
875 1399 1008 1461 cautum,
1027 1398 1059 1451 et
1077 1389 1106 1449 in
1124 1389 1261 1450 omnibns
1274 1387 1516 1448 aenetusconsul·

554 1488 604 1560 tia,
617 1488 733 1568 quoties
745 1488 860 1567 legibue
878 1487 987 1567 eliquia
1004 1488 1177 1558 solveretur,
1192 1486 1344 1566 adjectum
1356 1494 1433 1557 erut,
1455 1494 1465 1521 ⁸
1480 1494 1517 1546 ut

553 1605 592 1646 ea
610 1586 649 1646 do
664 1606 696 1646 re
718 1585 922 1668 ed·populum
938 1583 1085 1645 ferretur?
1126 1583 1188 1644 Sed
1207 1583 1352 1664 paulatim
1369 1581 1435 1642 fieri
1449 1591 1518 1643 erat

553 1679 693 1753 desitum,
714 1701 819 1763 reaque
835 1683 903 1762 jem
924 1683 954 1740 in
974 1701 1040 1742 eam
1061 1679 1304 1749 consuetudinem
1323 1685 1458 1750 venerat,
1480 1687 1516 1739 ut

554 1791 704 1858 postremo
726 1798 764 1838 ne
786 1777 966 1856 adjiceretur
994 1775 1114 1858 quidem
1137 1777 1168 1837 in
1191 1769 1456 1837 aedatuaconsultia
1475 1773 1516 1836 de

558 1874 711 1952 rogatione
733 1872 773 1935 ad
794 1873 937 1954 populum
957 1871 1098 1933 serenda:
1119 1893 1214 1954 eoque
1235 1873 1300 1954 ipae
1320 1883 1516 1934 senatuscon-

554 1969 635 2031 tulta
651 1991 704 2051 per
722 1991 833 2052 pencoa
851 1969 1009 2030 admodum
1023 1969 1146 2029 fiebant.
1190 1968 1286 2048 Igitur
1298 1989 1365 2029 enm
1380 1969 1518 2029 Cornelii

556 2068 740 2146 rogationem
757 2066 877 2146 indigne
895 2067 1029 2128 tolerunt
1044 2065 1240 2148 potentissimi
1259 2066 1383 2147 quique,
1396 2075 1429 2126 et
1439 2085 1516 2147 qno·

555 2184 621 2224 rum
634 2165 664 2224 in
678 2172 782 2225 renutu
795 2165 893 2243 gretie
905 2183 1081 2244 magnopere
1094 2164 1289 2224 minuebatur.

595 2268 647 2322 42.
669 2260 733 2322 Hie
752 2261 965 2340 satagentibus,
986 2260 1027 2321 P.
1048 2259 1192 2322 Servilius
1210 2258 1360 2320 Globulus
1377 2260 1515 2320 tribuant

555 2357 653 2440 plebio
670 2359 809 2419 inventus
822 2366 879 2431 est,
899 2358 950 2438 qui
974 2357 1012 2418 C.
1027 2355 1170 2418 Cornelio
1189 2357 1354 2419 obsisteret.
1398 2355 1444 2428 In,
1464 2357 1515 2416 nbi

554 2455 631 2535 legia
651 2455 781 2516 ferendae
805 2455 871 2516 dies
896 2456 990 2527 venit,
1011 2464 1044 2516 et
1065 2473 1175 2536 praeco,
1201 2455 1377 2532 subjiciente
1403 2455 1514 2526 acribo,

442 2599 447 2605 .
556 2553 650 2614 verba
662 2552 738 2632 legia
749 2553 874 2613 recitare
891 2551 1002 2635 populo
1014 2552 1115 2633 oepit,
1128 2559 1160 2613 et
1171 2551 1299 2613 scribam
1311 2551 1473 2631 subjicere,
1485 2559 1517 2612 et

409 2654 502 2708 cteta
557 2669 723 2731 praeconem
746 2651 935 2731 pronuntiare
957 2670 1060 2731 pascua
1078 2670 1137 2710 non
1158 2658 1213 2710 eet.
1259 2648 1336 2709 Tum
1357 2648 1518 2709 Cornelius

394 2722 509 2839 ἐκ·
519 2723 545 2771 t·
557 2745 621 2827 ipae
638 2746 773 2807 codicem
785 2747 932 2807 recitavit.
975 2744 1068 2814 Quod
1081 2766 1150 2806 cum
1163 2746 1294 2827 improbe
1307 2745 1372 2806 fieri
1387 2744 1426 2805 C.
1439 2745 1516 2806 Piso

365 3138 368 3143 .
396 3066 455 3118 ao.

399 3242 491 3292 Areon.

402 3307 499 3358 Cicero.

416 3468 506 3520 Dio¹et

401 3535 495 3585 Mena.

559 2845 662 2905 consul
676 2844 865 2906 vehementer
877 2850 1062 2925 quereretur,
1076 2844 1319 2925 tribunitiamque
1332 2842 1517 2903 intercedo-

559 2960 628 3001 nem
647 2940 761 3002 diceret
779 2940 941 3011 niblatam,
954 2942 1037 3019 gravi
1053 2941 1189 3002 convicio
1207 2961 1227 3001 e
1244 2940 1355 3023 populo
1374 2950 1520 3023 exceptua

564 3047 619 3099 est.
662 3039 794 3100 Etcum
816 3038 885 3099 illos
906 3038 1010 3099 conaul
1030 3039 1083 3119 qui
1107 3038 1164 3097 tibi
1185 3037 1383 3099 intendebant
1402 3058 1521 3099 manum

565 3136 709 3217 prehendi
726 3157 745 3197 a
761 3136 866 3196 lictore
881 3136 1028 3215 jussisset,
1047 3132 1135 3195 fracti
1150 3138 1216 3215 ejus
1235 3134 1333 3197 fascea
1349 3136 1466 3205 cuncti,
1479 3133 1522 3195 le-

565 3231 708 3315 pideeque
730 3235 823 3293 etiem
848 3253 888 3293 ex
914 3232 1020 3294 ultime
1044 3232 1187 3293 concione
1214 3232 1244 3291 in
1265 3231 1417 3293 consulem
1434 3232 1522 3311 jacti.

568 3328 640 3397 Quo
660 3330 789 3390 tumultu
803 3328 961 3390 Cornelius
974 3330 1172 3411 perturbatus,
1187 3328 1348 3390 concilium
1360 3328 1484 3389 dimisit.

608 3432 659 3485 4³.
681 3424 797 3486 Actum
817 3426 925 3487 deinde
943 3425 1074 3487 eadere
1088 3427 1118 3485 in
1138 3434 1242 3487 aenotn
1261 3434 1306 3487 est
1322 3427 1441 3506 mugnis
1454 3446 1523 3487 con·

568 3523 767 3583 tentionibus:
788 3543 857 3584 cum
880 3523 1039 3584 Cornelius
1060 3524 1103 3583 ito
1123 3522 1197 3583 lene
1218 3542 1315 3583 rursus
1337 3525 1441 3604 coepit,
1464 3532 1523 3583 ‘ne

568 3618 636 3697 quie
654 3618 684 3678 in
704 3627 809 3680 acuatu
829 3621 947 3699 legibus
959 3620 1133 3691 solveretur,
1146 3621 1203 3679 nisi
1215 3619 1336 3681 ducenti
1352 3620 1525 3689 effuioeentt

568 3734 645 3775 neve
665 3716 743 3794 quia,
762 3736 830 3776 cum
848 3716 961 3800 solutus
981 3725 1068 3787 eaaet,
1088 3716 1295 3789 intercederet,
1313 3736 1383 3777 curn
1395 3737 1435 3777 en
1446 3715 1484 3779 de
1497 3738 1527 3778 re

570 3812 611 3873 cd
631 3812 774 3894 populum
791 3813 938 3873 ferretur!
980 3812 1062 3872 Haeo
1082 3814 1146 3873 sine
1166 3814 1296 3874 tumultu
1317 3822 1387 3874 ecte
1406 3836 1454 3875 res
1472 3824 1526 3875 eet.

571 3909 675 3971 Nemo
695 3911 773 3970 enim
794 3930 903 3989 negare
923 3919 1040 3991 poteret
1057 3928 1111 3990 pro
1131 3911 1305 3971 auctoritate
1324 3920 1445 3972 senatus
1461 3932 1527 3972 eam

571 4007 667 4085 legem
680 4027 755 4078 eece,
769 4027 860 4086 quem
878 4006 1006 4087 populna
1019 4007 1128 4067 hebere
1144 4017 1238 4067 retem
1257 4020 1422 4085 cogeretur.
1467 4007 1527 4069 Sed

571 4112 672 4162 temen
693 4122 760 4163 eam
783 4103 853 4163 tulit
877 4103 976 4163 invitia
999 4103 1201 4183 optimatibus,
1224 4104 1278 4184 qui
1301 4104 1348 4165 vel
1371 4105 1461 4184 pauci
1482 4125 1526 4165 se·

572 4198 824 4260 netuaconsultum
844 4198 943 4261 fecere
964 4194 1119 4260 colebant.¹

608 4406 615 4443 ¹
632 4408 682 4467 Qut
697 4410 735 4459 oet
748 4409 819 4474 praei
834 4408 1149 4469 “namnetensem
1160 4407 1278 4473 mittant]
1302 4407 1369 4461 Her
1394 4416 1455 4461 enat
1474 4410 1527 4477 iper
1633 4386 1634 4433 l
