3300 5225
366 589 469 640 nrum
496 589 653 640 cxxxv.
679 588 1003 642 surrnnnnnruu.
1158 577 1250 643 4675

129 735 224 812 impar
244 733 323 792 boati
341 730 455 792 intuma
473 739 529 804 cat,
549 741 585 792 ut
605 731 746 793 nurinere
766 751 834 793 auur
850 753 936 815 ponae
953 732 1080 806 diffidat,

128 828 208 890 haud
234 827 326 890 dubie
345 829 444 889 mittat
460 827 500 888 ad
517 837 548 888 te
567 827 682 901 literae,
699 838 732 890 et
746 829 900 890 consilium
916 832 1004 891 rebus
1021 831 1082 890 auia

129 925 333 1006 auxiliumque
350 926 522 1008 postulabit.
563 925 637 1008 Ipso
653 947 740 1008 porro
754 937 932 1000 mccaacute,
950 938 1083 1014 promtus

129 1031 161 1084 et
176 1022 282 1084 iubens
300 1023 360 1084 ibo.

171 1125 223 1180 21.
243 1119 307 1180 ‘Et
318 1120 394 1180 hauc
403 1119 580 1180 aeutentiam
592 1118 777 1200 ubiquaque
790 1119 909 1201 probari
927 1139 986 1182 nou
995 1119 1084 1180 dubi-

121 1229 176 1290 ιο,
190 1218 358 1300 imperator,
371 1217 421 1278 cui
437 1225 468 1278 et
488 1217 546 1298 ipai
565 1215 655 1277 suinae
674 1217 788 1278 viderer
802 1219 887 1298 juato
899 1217 1045 1300 cupidior,
1059 1219 1085 1278 oi

130 1317 316 1398 provinciam
328 1313 460 1376 oblatam
473 1315 572 1375 statim
585 1315 760 1396 acciperem.
802 1314 865 1376 Sed
878 1324 911 1376 et
923 1315 1018 1386 uobis,
1032 1317 1084 1396 qui

130 1433 188 1495 pro
200 1412 315 1492 iegibus
326 1420 358 1472 et
376 1410 529 1492 republica
542 1411 670 1490 gerimus
688 1411 812 1484 balium,
832 1412 984 1474 honestius
996 1410 1086 1472 fuerit

130 1507 207 1569 nihii
227 1509 417 1579 commisisse,
441 1507 522 1588 quod
548 1507 608 1568 illia
629 1527 734 1590 parum
758 1528 919 1588 congruere
937 1507 1084 1571 rideatur.
1126 1535 1130 1540 ·

131 1605 248 1686 Neque
257 1604 388 1666 fortunia
400 1602 472 1665 utile
482 1605 533 1676 ait,
546 1604 596 1686 Q„
605 1603 777 1676 Metellum,
791 1613 878 1665 taum
888 1604 1044 1666 nobilitata
1056 1589 1087 1664 ci

131 1704 232 1782 gratia
240 1703 346 1772 vitun,
357 1702 478 1763 offendi.
520 1700 605 1762 Nam
619 1712 737 1784 propter
749 1702 848 1773 illum,
860 1711 893 1762 et
904 1702 930 1762 ai
942 1702 995 1782 qui
1010 1721 1087 1782 prte-

131 1809 216 1860 rerca
232 1808 300 1860 aunt
316 1802 380 1879 ejus
398 1800 520 1872 similes,
543 1800 729 1880 optimatium
747 1808 847 1881 portes
864 1818 1023 1860 vocamurt
1044 1808 1087 1868 et,

132 1895 383 1978 quemadmodum
393 1895 474 1958 illiue
485 1895 569 1958 favor
577 1895 735 1957 multorum
748 1896 802 1957 tibi
812 1895 954 1975 adjunxit
963 1896 1087 1966 animoa,

134 1995 183 2054 ita
194 1992 279 2053 multi
296 2013 327 2053 aa
340 1992 425 2054 iocos
438 1993 468 2054 in
481 2012 540 2054 uno
552 1993 708 2074 putabunt.
749 1991 908 2054 Praeterea
919 1991 1088 2052 mortalium
1150 2023 1154 2029 ·

132 2091 268 2151 omnium
277 2089 341 2151 iata
353 2089 611 2172 dispenaatDeua:
633 2091 684 2171 qui
697 2090 722 2150 ai
735 2089 811 2150 sorte
820 2089 860 2150 de
871 2109 920 2150 ma
929 2089 1045 2170 aliquid
1058 2088 1089 2148 iu

133 2187 193 2248 iiia
213 2187 364 2269 provincia
383 2188 478 2248 accius
501 2187 684 2259 decerneret,
701 2189 768 2268 jam
793 2187 923 2248 omnium
945 2187 1089 2248 couriciia

134 2303 198 2344 non
212 2303 280 2344 mea
291 2282 385 2344 nolum
399 2285 560 2357 tementes,
573 2283 626 2344 aad
638 2293 722 2344 nrum
735 2303 856 2364 quoque
868 2282 1025 2344 couailiuru
1035 2301 1088 2342 va-

132 2381 276 2463 pularen’
317 2379 368 2442 Ita
392 2402 439 2442 rea
462 2381 558 2443 dilata
578 2392 635 2454 eat,
659 2380 754 2444 donec
772 2401 839 2442 eam
861 2383 892 2442 iu
914 2381 1089 2442 senteutiam

133 2478 230 2560 paulo
242 2487 310 2560 poet
322 2479 361 2538 ab
375 2479 441 2560 ipro
454 2478 583 2540 Metello
594 2479 689 2541 iiterae
700 2488 853 2539 venerunt.

178 2583 231 2641 22.
253 2576 410 2639 Interhaec
419 2575 632 2660 propemodum
641 2585 706 2639 totu
715 2575 867 2649 nobilitas,
877 2573 963 2637 Urbe
974 2574 1090 2647 relicta,
1119 2589 1255 2657 Pluasylu

134 2677 165 2737 in
189 2686 291 2737 cuano
313 2674 440 2757 Syllana
460 2685 593 2749 venerut,
615 2676 704 2737 robur
726 2676 814 2737 simui
837 2675 981 2757 partibus,
1001 2674 1090 2735 simul
1103 2661 1236 2785 {pe-³539&

134 2773 270 2855 apeoiem
282 2792 318 2833 ac
327 2772 418 2834 decue
427 2774 562 2835 afferens.
603 2771 716 2855 Neque
729 2782 828 2833 tamen
841 2793 881 2834 ex
894 2770 1013 2833 dircrao
1025 2770 1090 2833 iere

134 2880 322 2931 momentum
339 2872 370 2929 iu
382 2889 526 2932 consensu
539 2871 788 2941 consummarat:
810 2870 897 2931 etad
911 2870 1017 2930 summi
1036 2869 1091 2929 im·
1105 2882 1212 2949 Appirn.

134 2968 212 3051 perii
232 2988 342 3030 nomen
360 2970 493 3030 exomni
510 2956 617 3042 Italia,
631 2978 663 3030 ct
682 2966 916 3050 circumpadana
926 2965 1033 3028 Gallia
1045 2966 1090 3025 iu·

135 3074 244 3145 gentes
265 3067 360 3146 oopiae
386 3064 585 3127 confluebant.
640 3064 761 3133 Quibus
782 3064 875 3126 ferme
900 3063 1092 3145 apparatibus

135 3163 289 3242 utrimque
312 3160 392 3242 quod
414 3162 560 3242 reliquum
588 3162 700 3223 atatis
719 3170 794 3234 erat,
816 3171 1001 3222 consumtum
1027 3168 1090 3220 eat:
1106 3180 1241 3245 15„an

136 3260 182 3319 iia
207 3268 308 3319 tumen
331 3268 365 3319 ut
381 3278 436 3319 nec
459 3260 498 3320 ab
520 3258 760 3341 expeditionibus
776 3256 1092 3338 censeretur‚portium
1183 3276 1187 3285 ·

134 3354 269 3416 ducibus
294 3356 363 3415 hinc
382 3354 463 3429 inde,
479 3366 513 3418 ut
532 3358 639 3439 cuique
660 3355 777 3419 oocuaio
801 3354 913 3423 adeam.
926 3352 1092 3424 videbatur,

137 3456 243 3515 omniu
256 3452 448 3517 tentantibus.
