3300 5225
400 561 507 613 arser
533 561 623 611 xov.
644 557 969 612 susrnnnuuruu.
1095 627 1098 632 Ι
1141 536 1238 611 4789

123 701 524 780 inscenderant,'·summersae
533 713 620 774 aaut:
634 703 702 764 eliac
711 703 838 764 turbatas
847 709 937 783 atque
946 701 1072 762 circum·

122 815 202 866 acte
214 805 282 887 plus
298 803 395 866 adhuc
407 821 496 863 mora
509 801 809 881 consternationisque
827 799 970 860 lecerunt.
999 797 1073 858 Hoc
1085 791 1211 906 ἠξρνῑξΰι

113 901 215 963 modo
232 921 309 980 aegre
327 900 431 961 solutis
448 899 583 960 anchoris
595 897 721 958 Parium
730 917 783 958 rex
794 896 938 978 pervenit.
972 894 1073 963 Quod
1084 859 1211 974 Mffiss,

120 1000 177 1060 ubi
197 998 337 1082 postridie
358 1019 378 1059 a
398 996 557 1078 Cyzicenis
576 1005 622 1057 est
641 996 802 1075 cognitum,
820 1002 1020 1056 ¹excurrentes
1039 995 1071 1055 in

120 1097 258 1158 Pontica
278 1104 385 1168 casm,
407 1095 553 1184 reliquam
572 1093 670 1154 adhuc
692 1102 833 1172 agrotum
852 1091 1072 1153 multitudinem

118 1193 324 1266 conciderunt,
338 1192 447 1253 ablatis
461 1212 529 1272 quac
541 1193 617 1254 verti
630 1191 661 1251 in
674 1189 805 1272 praedam
818 1199 964 1271 poterant.

160 1297 214 1352 1³.
236 1289 302 1352 Sub
312 1289 392 1351 idern
412 1299 529 1371 tempus
545 1287 714 1350 Archelaus
731 1287 833 1349 classis
845 1288 934 1368 regiae
946 1286 1069 1370 preelec-

117 1397 188 1448 tusa
213 1386 431 1466 (Aristonicum
453 1387 637 1448 Plutarchus
658 1385 807 1467 appellat)
839 1387 869 1446 in
892 1371 1069 1468 potestatam
1080 1379 1147 1430 ΡΜ·

117 1483 239 1545 Luculli
251 1484 394 1565 pervenit.
436 1483 563 1544 Miserat
575 1503 643 1544 eum
656 1481 858 1554 Mithridates,
874 1493 909 1543 ut
919 1486 1071 1564 negotium

115 1579 278 1641 incesseret
299 1581 388 1653 hosti,
412 1599 449 1641 ne
468 1579 654 1642 recedentem
674 1601 694 1641 e
716 1579 832 1662 Cyzico
848 1582 933 1661 sequi
951 1591 1068 1662 possete

114 1677 302 1758 dederatque
312 1677 415 1739 decem
427 1677 525 1738 millia
545 1687 724 1749 aureorum:
744 1677 783 1739 ad
804 1677 991 1739 Fimbrianas
1001 1699 1068 1740 cor·

114 1775 296 1856 rumpendas
315 1775 455 1854 legiones.
498 1773 560 1836 Sed
586 1775 639 1835 ille
665 1773 754 1836 fidem
780 1774 943 1858 aperlidis
967 1778 1067 1858 inepte

114 1891 237 1952 sperare
255 1893 352 1946 ausus,
365 1893 434 1934 cum
445 1881 589 1953 tauquam
601 1870 641 1933 ad
654 1873 843 1954 accipiendus
854 1874 956 1956 copias
974 1875 1066 1936 desti·

113 1977 188 2029 nato
213 1977 344 2051 tempore
369 1971 507 2041 venisset,
533 1947 638 2031 occisis
663 1989 737 2049 quos
760 1991 861 2031 secum
888 1971 1066 2045 adduxerat,

112 2066 383 2147 comprehenditur.
424 2065 576 2138 Lucullus,
590 2067 693 2126 audito
711 2065 861 2148 pedestres
882 2067 1066 2131 Mithridatis
1077 2075 1204 2131 Memnon.

111 2163 217 2242 copias
230 2162 424 2246 Lampsacum
434 2174 546 2248 petere,
553 2164 693 2226 continuo
700 2165 862 2236 insecutus,
875 2164 914 2227 ad
923 2165 1064 2248 AEsepum
1076 2157 1186 2224 Appias.
1316 2183 1319 2193 ¹

113 2279 232 2320 amnem
263 2261 469 2343 deprehendit,
499 2263 551 2343 qui
576 2271 641 2322 tum
669 2263 738 2322 enni
767 2271 900 2344 tempore
927 2263 1063 2345 pluvioso

111 2355 274 2441 plurimum
307 2367 449 2420 creverat.
498 2359 549 2420 Ibi
575 2359 723 2421 Granicus
748 2369 780 2420 et
810 2361 938 2442 AEsepus
962 2381 1063 2422 amnes
1074 2352 1225 2409 1³¹⁰¹·¹¹¹·⁵·

111 2465 305 2518 cruentarunt
328 2459 445 2528 undas;
472 2461 675 2539 regiorumque
701 2459 808 2541 partim
834 2460 920 2540 aquis
944 2461 1061 2532 hausta,

109 2554 221 2635 partim
234 2555 388 2618 hostilibus
393 2557 513 2618 concisa
523 2557 622 2628 ermis,
631 2555 669 2617 ad
678 2555 886 2637 milliaviginti
899 2558 1059 2645 perierunt,
1073 2541 1142 2597 ΡΜ·

109 2672 236 2732 magnus
247 2662 389 2739 praeterea
402 2664 507 2737 captus
519 2662 563 2715 est
580 2674 733 2715 numerus:
752 2654 909 2736 plusquam
922 2655 1059 2717 undecim
1073 2642 1190 2753 ⁰¹⁰f·'¹·
1198 2648 1224 2695 ²·

108 2750 209 2810 millia
220 2749 419 2811 Variauorum
431 2751 558 2812 militurn
568 2748 577 2785 ‘
587 2752 617 2811 in
630 2751 733 2834 praelio
745 2752 925 2813 ceciderunt.
968 2751 1059 2813 Cete-

109 2866 169 2918 ros,
182 2866 251 2907 cnm
268 2868 300 2908 se
317 2848 507 2909 munimentis
523 2849 627 2930 oppidi
644 2848 828 2920 clausissent,
850 2848 992 2909 Lucullus
1004 2850 1058 2911 ob-
1070 2828 1178 2897 ΑΨ·

107 2943 209 3004 sedit:
228 2944 324 3006 donec
338 2966 356 3007 a
370 2946 546 3007 Mithridate
563 2946 651 3007 misse
664 2944 818 3018 classis,et
829 2946 934 3007 illicet
948 2946 1057 3030 Lamp-

107 3040 225 3100 sacenis
235 3042 371 3102 omnibus
382 3044 556 3124 exportatis,
568 3062 693 3103 vacuam
703 3044 805 3103 urbem
814 3044 919 3104 victori
924 3043 1057 3125 reliquit.

147 3143 201 3197 14.
221 3136 288 3199 Hic
298 3147 419 3199 eventus
431 3138 591 3199 obsidionis
601 3139 758 3220 Cyzicenos
771 3138 846 3210 tutu
868 3161 929 3221 qua
938 3142 1057 3222 periisse
1068 3143 1135 3195 Plus
1145 3146 1219 3200 Oros.

106 3232 146 3293 de
158 3235 248 3313 regiis
260 3235 387 3297 militurn
401 3236 587 3316 lixarumque
601 3236 640 3298 ad
652 3243 785 3297 trecenta
798 3238 892 3299 millia
904 3250 1054 3321 putantru.

105 3330 266 3413 Cyziceni,
279 3354 333 3394 sua
346 3342 377 3394 et
390 3333 509 3395 Luculli
520 3336 629 3396 virtute
639 3334 811 3407 incolumes,
825 3357 885 3416 quo
897 3341 973 3418 grati
985 3359 1056 3419 erga
1067 3340 1173 3408 Ausim·

105 3426 319 3490 benemeritum
332 3438 437 3503 essent,
451 3430 538 3491 ludos
554 3432 687 3492 victoria
705 3432 840 3494 solennes
858 3436 1055 3511 instituerunt,
1108 3464 1112 3479 ⁴

105 3522 253 3599 Lucullea
264 3536 423 3589 vocantes:
446 3528 611 3610 ipsumque,
621 3549 688 3589 curn
699 3531 844 3609 ingressus
854 3534 956 3594 urbem
965 3544 1055 3607 esset,

103 3623 262 3703 exquisitis
290 3626 448 3686 honoribus
473 3636 661 3707 acceperunt.
713 3628 905 3691 Mithridates
930 3633 1054 3707 interea,

44 3770 47 3777 .
102 3738 173 3781 curn
186 3722 401 3802 quinquaginta
414 3742 514 3794 naves,
528 3722 557 3783 in
571 3724 791 3803 quibusdecem
813 3726 1052 3791 milliadelccto-

55 3932 59 3938 '
111 3942 113 3946 ’
135 3932 393 3987 *Arctonnesos
407 3936 482 3999 regia
495 3950 558 4002 prc-
594 3938 655 4004 quia
672 3954 775 4005 nempe,
792 3956 868 4005 quern
879 3942 1052 3996 Freinshemi-

94 3997 189 4065 scrtua]
224 4000 288 4053 Vld.
309 4016 389 4067 cupre
409 4015 494 4053 xcrrr.
518 4006 559 4053 1⁹.
594 4020 633 4063 ua,
647 4003 768 4069 Appiano
783 4006 932 4070 obsecutus,
952 4010 1052 4061 Variam

104 4063 177 4113 Creo.
383 4086 387 4096 r
488 4090 490 4097 ·
595 4070 720 4135 appellat,
738 4074 759 4121 la
780 4072 981 4123 OrosioMcrius
997 4084 1050 4129 est.

135 4129 247 4180 ‘Decem
257 4130 559 4197 miliocmorumlMar·
595 4134 718 4187 Ceterum
736 4136 934 4201 intelligendum
949 4148 1050 4191 estun·
1076 4169 1080 4177 ·

102 4205 146 4242 car
156 4196 212 4243 auri
224 4199 283 4245 812.
293 4193 382 4247 uncias
392 4203 417 4247 4.
437 4200 507 4252 cm.
593 4200 677 4251 decim
689 4202 747 4251 hec
764 4202 847 4252 millia
862 4205 1049 4268 comprehendi

121 4254 146 4333 'f
158 4259 290 4324 Placquem
305 4263 414 4312 undecim
423 4263 500 4314 millio
513 4264 559 4315 Vn·
594 4266 620 4315 iu
632 4266 723 4330 viginti
732 4267 782 4317 illia
791 4268 1049 4334 millitusrsgiomn,

102 4334 225 4375 macram
237 4324 355 4390 militam]
372 4328 446 4378 Duas
459 4338 560 4393 postra-
594 4345 658 4395 quos
667 4332 822 4387 Plutarchus
833 4335 940 4399 periisse
951 4350 1047 4387 mamo-

101 4400 158 4436 mca
169 4404 249 4439 voces
258 4404 291 4439 ex
302 4390 398 4442 Ororio
408 4392 560 4458 adjecimus,
594 4408 645 4449 rat.
665 4400 736 4449 Creu.

100 4450 151 4503 nisi
163 4454 233 4519 quod
242 4456 287 4507 ille
296 4457 375 4509 habet
384 4458 560 4526 nasama,
