3300 5225
362 592 469 653 nunni
494 591 637 643 nxxrv.
657 587 989 645 suranuuuuruu.
1169 578 1261 647 4479

181 742 229 799 la.
250 735 365 817 Neque
382 735 515 800 deterirrs
533 735 574 797 ab
593 734 662 797 aliis
673 716 794 818 quoque
806 736 957 799 Romanis
968 736 1096 799 ducibus

137 834 290 915 oopiisque
301 852 349 893 res
359 834 416 892 sub
428 832 549 893 eosdem
560 832 626 893 dies
637 842 738 912 gestus.
774 831 835 895 cn.
849 834 1015 915 Pompeius
1023 854 1095 895 eon-

139 930 185 992 ni
197 930 371 991 Asculanos
387 938 508 989 atreum
517 930 674 991 obsidione
686 932 828 1009 urgebat:
849 950 947 1011 neque
960 930 1096 991 Picenti-

140 1029 195 1088 bm
216 1026 258 1087 sd
283 1026 477 1088 resistendum
499 1026 578 1087 vires
600 1034 696 1099 orant,
717 1026 820 1087 multis
837 1026 968 1088 adversis
987 1026 1099 1109 praeliis

139 1126 330 1185 rebementar
342 1125 459 1184 aoobae.
496 1122 595 1202 Igitur
612 1131 647 1184 ut
666 1124 763 1184 socios
780 1144 869 1205 opem
888 1133 1007 1185 orantes
1019 1114 1098 1185 obsi·

139 1220 223 1281 dioni
235 1222 390 1292 eximeret,
403 1222 508 1299 ingens
521 1220 690 1281 Marsorum
702 1220 853 1281 exereitus
865 1222 956 1282 venit.
986 1219 1099 1301 Neque

140 1318 259 1378 terrim
270 1316 376 1377 eonaul
390 1318 482 1395 signis
498 1316 617 1377 collatis
634 1336 744 1395 magna
762 1326 795 1377 et
814 1316 898 1377 felici
917 1336 1018 1398 pugna
1028 1337 1096 1379 curn

139 1414 186 1473 bis
199 1413 379 1486 dimieavit.¹
400 1413 613 1493 Duodeviginti
632 1413 761 1474 bostium
778 1412 876 1474 millia
888 1410 957 1475 eum
971 1414 1098 1495 impera·
1109 1430 1164 1482 Lis.
1176 1428 1245 1495 Epir.

139 1520 206 1571 tora
219 1510 338 1572 Franoo
348 1513 417 1588 (nisi
430 1510 506 1572 forte
518 1510 665 1571 Afranius
677 1508 802 1590 fuerit)b
820 1530 899 1573 caasa
908 1520 988 1571 sunt.
1111 1497 1173 1547 ⁰²⁹⁵

184 1614 236 1669 19.
256 1608 397 1677 Quatuor
409 1608 586 1671 Italicorum
599 1608 707 1680 millia,
719 1628 788 1669 oum
801 1607 936 1669 densatis
946 1608 1102 1671 ordinibus
1232 1634 1234 1641 ·

139 1726 159 1765 e
172 1705 273 1767 media
282 1707 364 1767 erede
376 1708 408 1766 in
415 1708 524 1787 jugum
536 1706 611 1767 editi
624 1706 733 1767 montis
744 1706 917 1778 euasissent,
938 1706 1058 1767 nivibus
1069 1714 1102 1768 ot

139 1804 174 1863 ri
198 1803 317 1882 frigoris
336 1806 478 1887 oppressi,
502 1806 533 1865 in
552 1802 721 1865 miserabile
741 1804 947 1885 spectaculum
962 1804 1100 1864 humanae

138 1900 315 1981 tragilitatis
330 1904 374 1964 ita
383 1902 579 1982 dbigusrunt,
591 1910 627 1963 ut
639 1900 744 1983 procul
761 1902 927 1963 visentibus
939 1901 1054 1983 species
1069 1900 1101 1961 in

140 1999 209 2059 acie
225 2002 368 2060 stantium
387 2001 576 2081 objieeretnr.
618 1998 681 2060 Sed
692 2006 725 2059 et
737 2000 859 2080 propius
870 2000 1029 2079 suggressi,
1047 2018 1102 2079 ps·

140 2098 276 2158 tentibus
291 2118 393 2158 omnes
411 2097 516 2169 ooulis,
538 2106 643 2179 aperto
664 2117 716 2157 ors
737 2116 800 2157 esse
819 2095 977 2187 ridebant,
994 2098 1103 2179 partim

140 2194 287 2276 stirpibus
298 2204 354 2256 aut
363 2196 457 2265 saxis,
470 2197 579 2277 partim
592 2195 681 2256 armis
692 2196 829 2266 innixos:
853 2202 886 2255 nt
898 2202 1031 2255 mortuos
1043 2214 1103 2255 non

141 2292 231 2353 aliud
244 2294 324 2374 prius
336 2294 491 2365 indicium,
503 2313 593 2373 quarn
606 2292 690 2353 nulio
702 2300 785 2352 motu
797 2300 930 2353 mutatus
947 2309 1104 2373 corporum

140 2390 277 2462 babitus,
294 2400 439 2470 argueret.
484 2390 566 2452 Hme
579 2390 660 2473 apud
674 2390 815 2450 Orosium
834 2390 878 2449 ita
894 2398 964 2451 suut
979 2388 1103 2461 tradita,

139 2490 318 2569 scriptorem
329 2488 408 2548 baud
427 2488 691 2560 assuetissimum,
704 2496 737 2547 et
749 2489 780 2547 in
793 2486 898 2549 eadem
912 2488 969 2548 bao
982 2486 1105 2547 historia

141 2605 248 2648 eoum
258 2606 340 2668 saeps
352 2594 545 2668 pugnantem.

187 2690 240 2744 2⁰.
260 2684 399 2744 Aliorum
417 2683 602 2766 probabilior
616 2692 664 2745 est
677 2683 818 2756 narratio,
841 2682 960 2744 Marsos
978 2691 1010 2743 et
1028 2682 1104 2743 alios
1116 2700 1224 2769 Appias.

145 2779 257 2862 Superi
280 2783 369 2842 uraris
389 2780 519 2853 accolas,
541 2781 701 2842 Umbriam
724 2781 935 2861 Etruriamque
953 2779 1050 2840 adbuc
1073 2781 1104 2840 in

144 2880 284 2960 partibm
295 2899 359 2940 eme
375 2889 468 2949 ratos,
486 2878 656 2959 quindecim
674 2880 827 2939 bominum
848 2877 955 2949 millia,
974 2897 1028 2959 par
1039 2876 1105 2939 lon-

145 2978 276 3057 ginquos
297 2985 330 3036 et
346 2975 483 3037 difficiles
502 2975 606 3048 ealles,
626 2975 711 3036 uelut
729 2974 844 3035 auxilio
856 2973 963 3035 Tuseis
983 2975 1106 3035 misisse.

146 3073 214 3134 Eos
225 3081 343 3133 munta
356 3074 468 3144 omnia,
485 3081 517 3132 et
530 3093 598 3133 eum
612 3072 672 3133 Cn.
687 3071 838 3152 Pompeio
854 3069 976 3132 oonsuie
989 3069 1108 3132 Roman

147 3191 220 3257 nuru
229 3170 393 3230 exereitum
405 3171 442 3230 iis
454 3170 530 3230 loeis
540 3168 713 3230 offendisse:
729 3169 900 3248 amissisque
914 3167 996 3228 mala
1008 3186 1108 3249 pugna

147 3269 282 3348 quinque
303 3266 444 3337 millibus,
465 3266 596 3346 reliquos
614 3285 667 3346 per
679 3265 794 3347 hyemis
809 3273 841 3324 et
853 3265 986 3325 locorum
998 3263 1107 3344 asperi-

149 3373 245 3426 tatem
263 3362 306 3424 ad
325 3383 382 3424 sua
401 3361 498 3423 redire
519 3362 610 3434 nisos,
629 3381 699 3422 oum
717 3361 757 3422 ad
777 3359 895 3441 reliqua
915 3359 996 3421 mala
1013 3359 1109 3420 fames

148 3461 320 3532 aoooderet,
332 3458 491 3539 glandibus
507 3459 638 3541 inopiam
653 3465 831 3518 sustentur
843 3475 853 3518 ι
874 3456 969 3519 donso
981 3455 1109 3517 dimidia

145 3559 242 3618 tame
261 3577 332 3638 pars
352 3556 505 3627 eraderet,
525 3555 632 3617 esteris
651 3555 770 3617 diversa
787 3562 883 3635 peste,
904 3553 956 3614 sed
978 3553 1109 3614 maxims

148 3654 269 3733 trigoris
279 3653 423 3714 violentia
434 3653 584 3713 extinctis.

189 3758 243 3812 21.
266 3749 350 3810 Hane
369 3771 389 3810 a
411 3748 561 3830 Pompeio
579 3747 682 3829 primis
700 3735 874 3808 cumulatus
895 3745 940 3806 sui
961 3743 1126 3804 mensibus¹

149 3858 236 3930 gesta
249 3847 356 3919 rideri,
369 3855 476 3930 praeter
492 3846 649 3929 Epitomes
666 3844 801 3906 Liviana
817 3845 936 3917 seriem,
955 3863 1022 3924 quur
1037 3832 1110 3902 mibi

183 4073 429 4136 bct-mmm
441 4073 536 4123 Franco
551 4071 613 4139 (sisi
648 4069 770 4122 Afranius
789 4069 901 4136 periisse
922 4067 1037 4131 dicatur,
1063 4075 1110 4120 rut

151 4140 217 4195 (erte
226 4137 455 4203 mutassem]
469 4139 497 4188 Si
507 4140 615 4189 Francus
648 4137 701 4188 duo
715 4137 844 4186 sociorum
862 4134 943 4184 duces
955 4133 1056 4186 fuerint
1073 4135 1111 4185 A·

150 4207 198 4256 ure
218 4209 371 4267 corruptum
393 4217 486 4252 nomen
505 4213 547 4252 est
567 4217 614 4266 pro
648 4201 738 4252 t'rsnti.
771 4201 824 4250 Sed
837 4203 962 4250 tautasst
976 4201 1003 4249 in
1017 4201 1110 4251 borum

149 4271 266 4332 Afranio,
276 4283 386 4318 neeesse
396 4277 438 4318 est
455 4275 484 4318 ut
498 4277 543 4318 sut
556 4268 615 4318 bae
649 4277 795 4332 temporum
807 4267 885 4315 rebus
903 4265 982 4328 gestis
993 4265 1110 4315 obscuri·

152 4349 244 4402 μμ
262 4334 356 4383 eadem
375 4334 410 4383 sit
428 4347 488 4384 oum
505 4349 539 4384 ea
554 4347 616 4396 qun
649 4339 785 4397 trs,tsnta
800 4332 956 4396 scriptorum
969 4329 1112 4394 indiligen-

150 4418 212 4465 esp.
230 4403 255 4449 1.
273 4407 303 4449 et
319 4405 345 4450 2.
362 4399 437 4463 bajus
449 4399 508 4448 iibri
524 4413 614 4448 uurs-
650 4400 735 4458 tia‚ut
746 4396 789 4445 vir
801 4397 940 4464 quiequam
950 4395 1018 4447 certi
1029 4395 1111 4446 statui

152 4463 616 4530 tsr,eassinprioretunamuoss
648 4463 835 4530 pontacus.
1048 4477 1053 4482 ·
