3300 5225
385 575 488 624 urunr
514 574 595 624 xor.
618 573 944 652 surruuusurnu.
1133 559 1221 625 4741

105 719 252 792 barbaris
265 737 332 780 cum
345 715 463 779 illerum
479 717 603 790 viribus,
616 717 734 796 ingenio
743 737 798 780 suo
810 723 951 788 uteretur,
963 715 1059 778 multa

106 837 247 900 prospere
273 815 372 896 gemit,
396 815 512 895 aliquot
534 817 619 876 urbes
639 816 836 896 expugnarit,
858 814 1221 896 plurimusquellrfflplt„

104 915 244 974 civitates
255 914 286 972 in
300 920 473 992 pomtem
492 932 576 972 suem
595 910 719 990 redegit.
761 910 852 972 Unde
871 931 933 972 non
951 911 1058 972 minori

105 1009 306 1081 admirationi,
319 1029 408 1089 quem
421 1009 523 1070 terrori
535 1007 666 1068 hostibus
680 1017 753 1068 erat.

145 1113 199 1167 13.
220 1105 282 1166 Sed
298 1105 475 1186 praecipuum
492 1105 520 1164 ei
541 1101 714 1166 calliditatis
722 1103 835 1164 lumem
848 1107 963 1186 peperit
974 1105 1057 1167 (lba-
1067 1109 1135 1162 Plrt.

103 1205 242 1265 racitana
256 1202 420 1284 expeditio,
437 1222 498 1283 qus
517 1211 635 1280 gentem
648 1199 752 1274 lerum,
766 1222 825 1262 non
838 1204 926 1264 urbes
941 1212 996 1264 aut
1010 1205 1058 1264 vi-

103 1321 169 1372 cos,
190 1299 244 1362 sed
264 1318 404 1378 maguum
426 1308 458 1360 et
478 1298 601 1358 arduum
623 1298 733 1360 collem
755 1297 890 1379 plurimis
908 1299 1059 1380 speluncis

102 1399 134 1457 in
157 1395 326 1476 aquilonem
348 1397 437 1456 versis
462 1414 553 1476 suprs
576 1393 693 1474 Tagum
719 1393 909 1466 incolentem,
930 1396 1057 1477 subegit.

105 1493 156 1554 Ibi
170 1493 242 1554 dnm
258 1494 339 1554 circa
358 1493 538 1566 inaccessum
550 1489 659 1552 collem
671 1491 846 1572 obequitans
858 1491 1001 1554 adversm
1010 1502 1059 1553 tu-

102 1602 151 1650 tos
165 1591 234 1651 loeo
245 1591 387 1675 barbaros
399 1591 501 1650 iusuea
513 1591 609 1650 minus
624 1589 714 1668 jecit,
734 1597 765 1648 et
778 1588 890 1669 pudore
902 1588 1059 1651 recedendi

102 1689 201 1748 multa
226 1688 319 1748 volvit
341 1687 451 1759 enimc,
478 1685 613 1748 (iscium
638 1685 901 1749 animadvertitis
922 1687 1061 1748 adversas

101 1786 263 1867 speluncas
284 1783 372 1846 llere:
396 1783 579 1864 edoctusque
601 1784 640 1844 cb
666 1783 788 1857 accolis,
814 1784 846 1845 id
867 1794 1059 1866 eoxtenrpore
1136 1837 1138 1839 .

101 1883 177 1942 anni
193 1881 314 1942 solitum
334 1881 396 1942 illis
412 1880 580 1960 regionibus
593 1900 668 1952 esse,
682 1881 791 1942 milites
804 1880 944 1944 excidere
955 1881 1060 1960 glebas

101 2001 142 2039 ex
161 1980 354 2058 circumjecto
373 1998 456 2058 agro,
474 1987 506 2038 et
527 1987 631 2039 contro
652 1977 808 2058 speluness
825 1988 1011 2060 comportare
1027 1979 1059 2037 in

100 2095 243 2155 aggerem
267 2077 375 2154 jubet;
406 2073 532 2134 multum
558 2072 750 2136 irridentibus
774 2077 923 2136 montanis
947 2076 1059 2136 insana

101 2174 265 2260 molitionis
276 2173 450 2243 vanitatem,
462 2171 543 2252 quod
560 2173 706 2252 putebant
718 2173 758 2234 ed
771 2172 1000 2254 oppugnandum
1013 2171 1064 2231 al·¹

100 2274 247 2334 tissimum
260 2269 367 2330 collem
382 2269 413 2329 id
430 2271 597 2330 institutum
615 2271 771 2350 pertinere.
814 2269 899 2339 Inter
910 2271 976 2330 brec
989 2269 1058 2330 Ser-

99 2371 197 2432 torius
207 2369 264 2430 sub
277 2377 394 2428 nectam
406 2387 474 2428 suos
485 2367 604 2428 reduxit
615 2367 648 2426 iu
659 2375 768 2428 cestra.

142 2475 196 2528 14.
218 2467 381 2538 Postridie,
404 2485 472 2526 cum
494 2464 566 2526 flere
588 2474 693 2526 ventus
714 2466 862 2547 coepisset,
882 2473 971 2525 etex
988 2484 1060 2525 con·

99 2575 188 2644 geste
204 2564 295 2625 bomo
310 2561 462 2645 pulverem
476 2563 507 2623 in
520 2561 615 2623 altum
626 2561 742 2633 efferre,
756 2561 901 2623 militib-
911 2561 1059 2636 immissis,
1192 2570 1196 2575 ’

98 2663 244 2722 subruere
257 2680 297 2721 ex
311 2662 371 2720 imo
387 2660 538 2721 cumulum
554 2659 639 2719 illum
654 2660 755 2738 jussit,
773 2668 942 2740 terramque
962 2659 1058 2721 levem

98 2759 264 2819 admodum
286 2768 319 2818 et
337 2757 484 2817 friabilem
505 2758 714 2819 comminuere.
755 2755 862 2837 Atque
880 2756 937 2817 ills
954 2756 1057 2819 labore

98 2857 255 2916 bominum
276 2874 477 2935 equorumque
496 2855 573 2915 ultro
590 2855 725 2935 citroque
742 2875 830 2936 super
858 2874 926 2915 eam
943 2855 1056 2915 discur-

97 2954 240 3023 rentium,
260 2951 378 3031 nugulis
395 2953 477 3023 trite,
497 2972 564 3011 cum
583 2972 603 3012 a
620 2960 709 3012 rento
727 2961 813 3032 raptu
833 2946 980 3012 inserens
997 2952 1056 3011 tol·

97 3050 230 3119 lereturz
251 3050 354 3109 stetim
371 3048 464 3109 deuse
476 3048 613 3128 quedem
633 3048 744 3108 nebule
758 3047 966 3128 speluncarum
978 3049 1057 3109 ostia

96 3146 305 3227 fenestrasque
317 3147 485 3206 obtursvit:
506 3164 602 3225 neque
617 3146 684 3224 jum
702 3153 756 3205 sut
772 3144 848 3205 lucis
865 3164 935 3203 usus
952 3164 1055 3225 super·

97 3255 175 3315 erat,
191 3252 246 3304 sut
258 3242 476 3325 reciprocandae
493 3243 601 3303 enims
613 3260 702 3323 purus
713 3242 893 3324 suppetebat
909 3248 976 3301 abr:
998 3260 1055 3301 nec

96 3342 179 3401 enim
199 3341 291 3400 slicm
315 3342 344 3399 in
368 3350 480 3421 partem
503 3346 613 3419 spertae
634 3336 751 3399 illorum
771 3337 980 3409 habitationes,
1001 3346 1056 3397 sut

94 3438 162 3499 nlla
175 3438 305 3499 drrcendi
318 3440 437 3519 spiritns
449 3438 535 3518 copis
547 3436 684 3498 dabutur.
727 3436 829 3497 Biduo
846 3446 946 3497 tamen
965 3437 1053 3497 susti-

96 3544 229 3597 nuerunt
242 3536 298 3597 boc
311 3536 423 3596 mulum
434 3534 560 3597 obsemi:
582 3536 670 3595 tertio
688 3534 749 3607 die,
763 3536 836 3615 quia
848 3544 1054 3616 perseverante

95 3644 191 3695 vento
209 3634 443 3704 suffocabantur,
462 3643 531 3693 sunt
546 3632 651 3693 dediti.

138 3740 192 3793 15.
214 3730 297 3791 Dum
309 3732 374 3791 baec
386 3739 536 3809 geruntur,
546 3732 577 3789 in
589 3730 772 3811 Hispaniam
782 3729 949 3809 Pompeius
959 3730 1052 3801 venit,
1082 3748 1161 3797 Plnts
1214 3750 1222 3763 ·

95 3831 267 3909 arrectiqne
280 3828 410 3889 omnium
424 3828 513 3889 enimi
525 3837 619 3900 srsnt,
633 3836 667 3887 ut
678 3826 767 3898 solet,
780 3826 820 3886 ad
838 3826 908 3885 novi
926 3827 1052 3907 impera·
1063 3813 1215 3878 ¹²⁰¹”P·⁰·²⁸·

93 3928 170 3986 toris
189 3926 321 3986 famem:
342 3925 487 4007 multique
505 3926 619 4007 populi,
637 3926 688 4006 qui
702 3926 800 3985 minus
817 3932 985 3985 constanter
997 3924 1051 3983 ad·

93 4024 255 4084 baerebant
276 4022 417 4095 Sertorio,
433 4024 560 4103 jamjam
583 4023 723 4083 mutaturi
746 4022 842 4083 socios
863 4020 1052 4081 ridebantur.
1168 4068 1173 4077 .

94 4120 161 4181 Sed
177 4122 343 4201 insperatus
355 4120 394 4179 ad
414 4120 582 4181 Lauronem
594 4140 679 4181 castis
690 4129 722 4180 et
732 4116 841 4179 dubios
852 4118 884 4179 in
896 4115 993 4177 officio
1006 4136 1051 4176 re-
1064 4126 1129 4175 Plut.
1140 4127 1202 4181 Set.

93 4218 197 4287 tinuit,
209 4226 241 4277 et
253 4215 329 4277 lidos
340 4215 538 4279 confirmavit
581 4215 727 4277 Sertorius
738 4234 804 4275 eum
817 4216 920 4275 urbem
932 4213 1050 4273 obside·

92 4316 160 4385 bat,
183 4334 252 4374 cnm
275 4314 441 4374 universum
463 4314 627 4373 exercitum
646 4324 742 4382 suum,
761 4311 844 4393 spud
862 4309 1051 4371 Pallantiam

90 4411 255 4473 convenire
264 4414 391 4490 jussum,
405 4430 592 4472 succensurus
605 4408 728 4471 obsessis
737 4408 903 4489 Pompeius
914 4406 1051 4467 adduxit
1063 4367 1132 4485 gfff?
1139 4373 1214 4484 {02³
