3300 5225
873 595 910 647 u:
933 597 1030 647 mvn

547 750 646 805 reama
664 740 827 823 recepiatia,
847 739 959 814 aliena,
980 741 1087 822 quibua
1105 739 1300 812 debebantur,
1322 739 1503 806 medimnus

547 837 609 899 lile
629 839 754 920 primum
772 837 860 898 dolor
879 838 1010 899 animum
1029 836 1217 898 Mithridatia
1236 837 1381 898 avertita
1404 839 1502 910 vobin,

546 933 698 996 Romani:
712 935 766 995 iile
776 953 847 996 oum
857 933 971 996 invidia
980 943 1120 1015 metuque
1129 932 1364 1011 magnitudinem
1372 943 1502 998 vaenum

545 1030 652 1092 mttmri
670 1031 755 1110 cogit
772 1031 925 1092 inimicum
944 1030 1105 1102 hominem,
1124 1038 1156 1091 et
1175 1030 1231 1092 auh
1246 1030 1368 1092 obtentu
1386 1041 1502 1094 nonha-

544 1147 609 1188 rum
630 1128 853 1190 inimicitiarum
877 1127 1049 1190 marinum
1069 1135 1174 1188 contra
1194 1135 1322 1190 teanum
1345 1129 1501 1212 imperium

542 1226 726 1308 captantem.
1033 1253 1038 1267 ¹
1464 1263 1469 1271 ·

580 1327 631 1383 89.
642 1331 662 1372 <⁸
674 1321 778 1389 Quare
789 1341 885 1403 oeque
897 1319 1034 1382 dubitare
1044 1339 1211 1402 posumus,
1223 1341 1289 1394 voa,
1304 1319 1499 1402 quemadmoo

540 1417 613 1478 dum
626 1419 705 1480 viroa
722 1418 883 1501 prudentes
896 1417 993 1490 docet,
1011 1415 1158 1478 factorum
1178 1417 1271 1498 ipsius
1288 1438 1380 1498 quam
1392 1419 1500 1480 verho-

540 1535 605 1575 rnm
624 1517 769 1595 majorem
788 1514 943 1576 habituroa
959 1515 1104 1576 rationem
1123 1532 1206 1574 eaae:
1227 1533 1265 1574 ne
1278 1516 1383 1576 autoh
1395 1513 1500 1576 fiotum

540 1613 680 1673 amicitior
702 1631 820 1685 nomeu,
841 1620 956 1672 vestroe
978 1611 1091 1692 optima
1108 1609 1169 1670 tide
1189 1611 1303 1672 amiooa
1324 1611 1499 1674 Mithridati

539 1707 689 1789 prodatie3
711 1717 765 1769 aut
777 1718 907 1770 veatmm
919 1717 1099 1788 mnatuaque
1118 1706 1157 1767 de
1175 1707 1233 1769 hoo
1245 1727 1336 1788 reguo
1348 1707 1499 1788 judicium

538 1805 718 1866 acommuoi
730 1804 815 1866 hoate
823 1805 923 1886 sperui
936 1804 1101 1884 violarique
1113 1802 1238 1866 feratis!

579 1909 631 1962 40.
652 1901 732 1962 Poet
749 1901 815 1962 haeo
828 1902 934 1962 iterum
948 1899 1093 1961 admirans
1105 1901 1136 1960 iu
1148 1899 1305 1962 consilium
1319 1899 1498 1983 Pelopidae,

539 2007 553 2034 ⁶
562 1997 598 2060 Si
618 2017 687 2079 quae
703 2007 821 2060 veterea
838 1993 978 2060 odiamus
997 1995 1196 2059 Nicomedem
1208 1998 1340 2077 querelae
1351 2006 1430 2070 aunt,
1445 2019 1498 2060 ea·

537 2115 607 2156 rum-
615 2095 766 2175 judicium
785 2094 895 2166 vebia?
916 2094 1025 2174 inquit,
1046 2092 1236 2165 ‘deserimua
1250 2091 1393 2154 Romani.
1434 2093 1497 2156 Sed

537 2191 603 2252 haec
622 2201 780 2274 pomema,
799 2211 870 2272 quae
890 2191 951 2272 ipei.
965 2189 1135 2272 aspexiatia,
1152 2188 1295 2251 ditionem
1309 2189 1499 2252 Mithridatia

537 2290 641 2360 minui,
660 2290 763 2350 claudi
775 2309 868 2360 mare,
882 2287 1001 2371 praedae
1018 2307 1058 2350 ex
1078 2287 1159 2367 agria
1176 2288 1237 2367 agi,
1250 2287 1336 2349 nulla
1347 2287 1497 2369 diruente·

536 2387 620 2446 tione
632 2395 729 2465 egent.
772 2384 835 2446 Sed
848 2385 947 2446 denuo
959 2405 1013 2446 vos
1032 2403 1180 2464 mgamua,
1199 2393 1234 2444 ut
1250 2393 1304 2445 aut
1316 2385 1498 2466 prohibentia

537 2468 683 2562 ejuamodi
696 2482 790 2555 facta,
801 2491 855 2544 aut
867 2497 955 2564 peso
969 2479 1091 2564 indigua
1105 2480 1495 2563 Mithridatiopituiemiuii

537 2587 591 2641 aut
612 2589 761 2662 pothamo
780 2599 839 2642 nou
857 2578 1047 2641 intercedatis
1065 2597 1135 2639 auaa
1153 2579 1277 2659 injuriae
1296 2576 1495 2652 vindicatum·¹

537 2678 651 2739 aeonia
662 2677 796 2759 partibus
813 2674 965 2739 immixti!
1006 2675 1087 2737 Haeo
1107 2677 1232 2737 iterante
1245 2674 1410 2757 Pelopida,
1424 2676 1497 2739 lieet

533 2775 602 2853 jam
623 2783 693 2834 aute
716 2772 878 2835 Nicomedi
897 2773 1013 2834 auxilia
1031 2771 1160 2853 polliciti
1182 2780 1278 2845 erant,
1298 2772 1497 2835 movebantur

537 2876 640 2931 umen
661 2868 795 2931 Romani
816 2870 916 2944 diotia,
938 2876 970 2930 et
987 2868 1127 2929 amicitiae
1145 2868 1274 2939 nomine,
1291 2870 1379 2948 o'ujua
1396 2868 1495 2931 adhuc

538 2966 684 3027 inviolata
696 2977 782 3031 eraut
797 2966 932 3029 federa:
953 2986 1051 3047 neque
1065 2964 1154 3026 facile
1173 2963 1322 3046 quomodo
1335 2964 1495 3046 reapoude·

482 3109 489 3127 .
537 3072 603 3124 rent
619 3065 820 3127 inveniebant.
861 3062 998 3125 Tandem
1017 3062 1103 3124 vafro
1117 3061 1321 3144 perplexoque
1334 3078 1493 3145 ¹reapoooo,

538 3166 657 3241 ‘neque
671 3160 911 3223 Mithridatem
929 3157 1097 3220 Nicomede
1112 3158 1216 3219 vexari
1236 3176 1383 3238 paaauroe,
1397 3178 1494 3240 nequa

536 3257 619 3319 beiio
641 3258 703 3340 peti
725 3277 744 3318 a
768 3258 947 3319 Mithridate
967 3256 1183 3319 Nicomedem'
1202 3256 1352 3319 dixerunt.
1396 3257 1494 3325 simul

536 3354 705 3437 Pelopidae
717 3374 839 3434 argutam
852 3355 1000 3423 dictorum
1011 3354 1222 3415 obscuritatem
1241 3354 1375 3436 cupiens,
1389 3374 1407 3417 a
1420 3372 1493 3417 oon·

535 3451 753 3512 eiliodimiaaue
764 3458 819 3514 oet

539 3584 543 3595 ·
575 3555 627 3607 41.
649 3547 731 3608 nee
742 3548 795 3609 ubi
810 3545 981 3609 Mithridati
995 3545 1100 3607 audita
1110 3554 1189 3618 sunt,
1201 3566 1233 3607 ea
1246 3566 1318 3607 vero
1329 3549 1397 3626 jam
1410 3546 1492 3609 haud

374 3642 443 3693 Eun.
450 3644 523 3695 01⁰⁸·
534 3644 659 3705 ohacure
672 3644 775 3705 imaum
788 3664 808 3705 a
820 3643 1038 3706 Romaniaoeae
1049 3652 1183 3716 testante,
1192 3643 1385 3705 Ariarathem
1396 3664 1490 3707 unum

534 3759 573 3801 ex
594 3740 665 3803 fiiiie
680 3744 710 3802 in
724 3741 951 3825 Cappadociam
967 3743 1070 3815 mittit,
1089 3760 1180 3822 quam
1194 3741 1247 3801 ille
1264 3751 1354 3801 antea
1370 3750 1492 3823 quoquc

534 3846 680 3900 tenuerat.
721 3839 827 3921 Atque
841 3842 867 3901 ia
880 3840 961 3901 victo
973 3839 1178 3901 Romanorum
1191 3838 1267 3899 duoe
1280 3838 1411 3903 Maltino
1422 3840 1489 3919 (qui

389 3922 480 3974 Mn·
533 3944 566 3996 at
577 3936 758 3998 Mancinua'
774 3936 847 3998 alibi
857 3936 1008 4015 scribitur)
1023 3939 1179 4017 ejectoque
1189 3935 1490 4007 Ariobarzanem
1573 3926 1580 3937 ’

370 3994 522 4119 staff*
533 4030 595 4113 igni
608 4032 743 4117 ferroque
757 4032 900 4116 pleraque
912 4035 1099 4106 tutavimet,
1112 4032 1193 4103 haud
1210 4052 1319 4113 magna
1331 4032 1410 4115 mole
1422 4052 1489 4113 reg·
1511 4012 1526 4027 ⁸

534 4150 605 4191 num
615 4132 782 4216 occupavit.

574 4234 625 4287 ⁴2.
646 4226 725 4289 Tum
749 4228 886 4289 remiaeua
911 4227 950 4289 ad
971 4226 1127 4288 Romanoa
1147 4223 1239 4286 duces
1259 4223 1443 4306 Pelopidaa,'
1458 4226 1489 4285 in

566 4423 662 4479 ‘Date
676 4425 1038 4491 Mattiaa,quiat1t1uaciaua]
1056 4426 1096 4477 Da
1117 4426 1165 4479 hoo
1185 4424 1288 4478 uomina
1306 4421 1357 4475 vid.
1378 4426 1435 4475 net.
1453 4421 1487 4473 ad

532 4503 630 4543 uaria.
643 4496 779 4559 thannin.
797 4494 869 4544 erra.
