3300 5225
849 575 884 625 Τ.
906 575 1001 627 mvn

567 722 617 777 41.
639 725 648 752 ‘
662 715 747 779 Licet
757 727 857 781 autem
869 720 974 781 boram
987 719 1132 781 malorum
1144 728 1279 781 auctores
1289 720 1381 781 etiam
1392 720 1482 781 nobis

504 853 508 865 -
525 812 749 892 quodammodo,
759 815 904 877 dederunt
915 836 1025 898 poenas,
1033 836 1091 877 non
1103 816 1171 877 ideo
1183 838 1236 879 ros
1248 818 1406 899 impunitos
1422 818 1479 877 ab·

525 909 569 979 ire
589 909 636 971 fes
656 920 712 983 est,
735 912 788 993 qui
808 914 934 975 scelesta
952 913 1173 975 consulentibus
1189 923 1251 974 tam
1269 923 1383 995 promte
1405 915 1481 975 esu's

524 1006 668 1071 obsecuti.
711 1010 753 1071 Et
765 1020 936 1091 oportuerat
947 1011 1068 1091 quidem
1077 1009 1223 1092 aequalem
1235 1011 1347 1071 meritis
1359 1030 1478 1091 poenam
1588 1029 1594 1037 ‘

522 1105 623 1165 statui.
665 1105 805 1167 ceterum
825 1107 897 1188 quia
916 1110 1090 1189 promiscum
1108 1107 1218 1179 credes,
1236 1116 1268 1167 et
1289 1107 1477 1168 servitiorum

521 1203 745 1280 concitationes,
757 1215 789 1265 et
801 1205 858 1267 hoc
870 1224 962 1285 genus
973 1205 1112 1287 exempla
1120 1204 1240 1265 barbari
1249 1206 1348 1276 moris,
1362 1224 1476 1267 aman-

521 1300 676 1361 suetudine
690 1299 831 1362 Romana
850 1322 968 1383 prorsus
989 1303 1088 1364 aliena
1099 1310 1186 1372 sunt3
1208 1301 1287 1362 absit
1299 1310 1334 1363 ut
1345 1302 1407 1365 tale
1419 1302 1477 1363 ali·

521 1396 593 1476 quid
607 1398 636 1457 in
649 1407 777 1459 mentem
791 1401 877 1461 nobis
890 1402 1000 1463 veniat.
1041 1400 1204 1461 Habeatur
1217 1398 1320 1461 Gracci
1336 1402 1475 1472 nominis,

520 1502 552 1553 et
564 1493 745 1557 celebritatis
758 1496 856 1571 Asiae,
868 1508 900 1559 et
910 1499 1092 1578 cognationis
1105 1508 1211 1558 nostrae
1222 1496 1315 1557 ratio:
1336 1496 1474 1559 mulctae-

520 1610 578 1670 que
590 1591 709 1654 modum
723 1596 820 1675 potius
839 1595 1050 1666 misericordia,
1073 1614 1164 1677 quam
1182 1594 1226 1654 ira
1242 1592 1338 1654 liniat.
1379 1594 1474 1660 Quod

484 1746 485 1751 ,
519 1685 648 1749 iausbrm
668 1680 805 1772 felixque¹
820 1693 883 1764 sit,¹
899 1692 1091 1773 quinquennii
1111 1691 1252 1753 tributum
1270 1692 1474 1771 representari

513 1784 626 1863 jubeo:
647 1795 679 1846 et
700 1796 844 1867 preterea
859 1798 982 1859 sumtus,
1000 1789 1110 1869 quique
1130 1782 1253 1869 impensi
1273 1795 1344 1847 sunt
1362 1787 1393 1845 in
1413 1787 1472 1848 boc

518 1878 641 1952 bellum,
655 1883 764 1963 quique
778 1904 865 1965 porro
879 1884 918 1945 sd
934 1884 1169 1945 constituendam
1189 1883 1371 1965 prov'nrciam
1383 1892 1473 1944 erunt

518 1980 685 2039 necessarii.
725 1980 804 2041 Eam
824 1980 1014 2074 collationem
1027 2002 1083 2062 ego
1096 2003 1149 2064 per
1170 1982 1307 2043 civitates
1323 1980 1469 2051 dividam,

516 2067 689 2157 tempusque
702 2076 874 2139 conferendi
887 2078 1071 2162 praefiniam:
1093 2088 1135 2152 et,
1145 2080 1198 2159 qui
1210 2099 1269 2139 non
1281 2079 1469 2160 obtempera·

515 2174 622 2245 verint,
635 2194 687 2235 eos
698 2174 816 2237 habebo
830 2198 883 2257 pro
895 2177 1048 2239 hostibus!

352 2248 465 2367 ⁶2⁶⁰}
555 2276 606 2331 42.
629 2270 678 2331 Ex
701 2280 829 2353 quatuor
851 2282 884 2334 et
900 2274 1098 2353 quadraginta
1119 2273 1287 2353 regionibus
1307 2273 1403 2345 Asiae,
1421 2284 1469 2337 tot

350 2378 417 2429 Ptuc
494 2366 590 2427 -enim
609 2388 648 2429 ex
661 2368 869 2430 distributione
882 2370 977 2451 Syllae
991 2390 1053 2430 esse
1066 2380 1228 2452 coeperant,
1248 2370 1354 2449 viginti
1371 2369 1468 2432 millia

284 2462 288 2469 ’
349 2443 428 2559 ff·
439 2445 503 2505 ιω·
512 2462 713 2526 mlenmrumr
732 2466 778 2527 his
790 2466 958 2528 nominibus
972 2476 1083 2529 exacta
1097 2475 1184 2528 sunt:
1206 2465 1405 2547 Lucullusqoe
1418 2488 1466 2529 re-

512 2561 655 2643 cipiendis
675 2584 742 2645 quae
764 2563 973 2638 afferebantur,
998 2574 1030 2626 et
1050 2565 1201 2645 signandae
1226 2565 1361 2646 pecunie
1386 2584 1465 2646 prte-

513 2661 636 2741 positus,
650 2661 722 2722 licet
735 2662 825 2722 bomo
844 2662 923 2722 mitis
942 2663 1051 2742 ingenii
1069 2661 1203 2723 nonnihil
1224 2661 1360 2722 civitates
1377 2681 1465 2722 man·

511 2757 666 2820 suetudine
683 2779 738 2820 sua
759 2758 951 2831 refocillaret,
974 2757 1089 2821 efficere
1110 2779 1171 2820 non
1194 2760 1302 2840 potuit,
1320 2779 1358 2818 ne
1375 2779 1464 2820 max-

511 2854 600 2916 imam
613 2857 643 2915 in
656 2855 856 2917 calamitatem
875 2855 1048 2917 inciderent.
1091 2855 1175 2916 Nam
1195 2864 1228 2916 et
1247 2855 1378 2936 pecunie
1390 2875 1464 2916 con-

510 2949 646 3013 ficicndae
677 2971 780 3025 causa,
804 2953 876 3032 quia
904 2953 1013 3013 milites
1037 2948 1175 3012 ferociter
1194 2961 1226 3012 et
1251 2943 1464 3013 contumeliose

509 3049 679 3128 exigebant,
711 3050 818 3130 passim
850 3047 1072 3110 ioeneratoribus
1103 3049 1232 3120 theatra,
1264 3057 1319 3108 sut
1341 3049 1463 3121 moenia,

509 3154 562 3205 aut
596 3155 707 3227 portus,
738 3147 836 3208 aliave
868 3146 992 3228 publica
1029 3145 1158 3207 aedificia
1182 3145 1296 3226 pignori
1322 3147 1462 3226 opposita

507 3251 594 3302 sunt:
616 3252 648 3302 et
662 3242 766 3304 eodem
785 3253 917 3324 tempore
934 3262 1042 3322 magna
1063 3263 1082 3302 a
1099 3243 1201 3323 piratis
1213 3240 1401 3302 incommoda
1413 3243 1460 3302 in-

507 3337 683 3400 ferebantur.
728 3337 793 3407 Illi,
820 3337 1006 3400 Mithridatis
1035 3338 1234 3411 concessione,
1260 3337 1368 3398 Asiam
1390 3346 1460 3398 tan·

507 3454 595 3515 quam
609 3454 680 3495 mox
699 3433 891 3496 amittendam
906 3434 1090 3516 negligentis,
1104 3455 1185 3495 mara
1197 3433 1336 3494 infestum
1347 3433 1458 3494 babere

505 3541 675 3612 coeperant:
697 3541 728 3591 et
735 3534 814 3612 Jam,
825 3551 961 3592 successu
974 3550 1153 3612 numeroque
1165 3530 1258 3602 aucti,
1270 3539 1384 3590 unnim
1397 3549 1458 3592 non

501 3629 591 3707 justis
613 3627 767 3700 classibus,
788 3637 851 3689 tum
869 3628 1087 3707 navigantibus,
1108 3636 1172 3686 tum
1191 3627 1281 3687 etiam
1301 3626 1457 3706 portubus,

504 3723 645 3798 castellis,
657 3725 835 3805 urbibusque
848 3723 1007 3795 metuendi,
1021 3724 1214 3802 vagabantur.
1248 3721 1352 3782 Jassus
1363 3730 1456 3793 certe,

504 3819 681 3903 Samusque,
692 3831 724 3882 et
736 3821 937 3892 Clazomenae,
955 3829 987 3880 et
1001 3817 1205 3890 Samothrace,
1224 3817 1297 3878 dum
1313 3816 1410 3878 adbuc
1423 3818 1456 3878 in

504 3916 582 3979 Asia
604 3918 694 4008 Sylla
712 3927 788 3990 erat,
810 3925 909 3999 cepte
933 3926 1021 3984 sunt:
1044 3915 1315 3996 Samotbracimque
1337 3915 1457 3976 celebra

536 4145 543 4180 ¹
567 4147 636 4204 Quod
651 4147 762 4208 saeuam
784 4145 834 4205 sel·
883 4143 962 4208 ecit]
996 4152 1127 4210 atcunque
1146 4152 1360 4195 connumerasse
1375 4155 1455 4192 cons·

504 4211 601 4261 Porum
624 4212 747 4263 convenit
769 4209 826 4261 trec
861 4211 962 4261 orinal·
997 4219 1038 4261 tus
1050 4216 1092 4258 eat
1101 4210 1242 4274 interpres,
1250 4207 1455 4273 quemcrqaltur

502 4275 678 4354 qrariuimam
693 4276 816 4326 mulctam
828 4274 961 4339 imponen-
996 4274 1102 4389 ιιΙτίιιιινη
1114 4273 1453 4400 ςοοίιιῐζῧὴτξὶιιᾶτιίκι]

503 4340 790 4471 ὲιᾶπξιξῖξιιιέενιῗὲ
804 4338 962 4472 ἓιτλῖιῖιιῗιο
997 4345 1210 4471 trucem-u
1220 4405 1362 4470 imm
1379 4402 1453 4454 θην.
