3300 5225
438 579 544 628 nrnnr
569 578 633 627 cn.
656 577 981 630 snrnnnsrnununr.
1178 559 1267 627 4919

146 731 237 794 esset,
245 725 314 803 jem
326 721 483 803 sexaginta
494 724 630 784 cohortes
642 723 822 784 sexceneriae
834 723 890 784 sub
901 723 993 802 signis
1008 730 1103 794 munt,

146 818 230 880 lecte
244 823 401 900 juventus,
421 829 527 903 praeter
549 820 729 882 inconditam
751 819 989 882 multitudinem:
1014 841 1106 880 nores
1206 859 1215 872 ·

146 917 251 988 etium,
265 925 298 977 et
313 916 382 978 locu
399 925 565 999 opportune
580 918 697 978 interim
717 937 736 978 e
754 917 881 979 ducibus
896 924 1106 1000 praeoccupetur

146 1023 258 1096 praesto
270 1024 365 1076 erent.

64 1151 67 1159 -
191 1117 242 1172 22.
264 1111 338 1172 Hoc
348 1109 506 1172 animosior
517 1109 558 1172 ed
567 1119 678 1182 cetere,
689 1119 803 1192 purtem
816 1111 970 1192 cupierum
980 1111 1104 1172 Pboou·

147 1225 271 1284 goreem
289 1207 420 1288 trajecit,
432 1225 472 1266 ex
488 1205 613 1269 aduerso
627 1207 815 1289 Penticspaei
828 1209 916 1268 sturm
928 1209 1103 1287 emporium,

146 1301 267 1366 duobus
278 1304 326 1364 his
338 1303 474 1364 claustris
485 1323 519 1364 os
532 1302 628 1364 Ponti
641 1304 671 1363 in
685 1311 831 1384 potestate
843 1303 1007 1364 habiturus.
1042 1303 1105 1366 Sed

148 1417 211 1460 non
230 1397 282 1459 diu
304 1401 493 1480 perstiterrmt
504 1399 534 1458 in
547 1395 607 1460 lide
621 1400 881 1480 Phanagorenses,
892 1400 1018 1462 Castore
1030 1421 1105 1482 quo·
1117 1423 1187 1476 οη,

147 1494 221 1556 dem
234 1497 404 1558 rebellionis
415 1505 561 1569 erectore,t
572 1497 624 1577 qui
637 1505 731 1558 tortus
744 1496 905 1578 eliquendo
918 1519 937 1558 s
945 1496 1106 1580 Tryphone
1117 1521 1226 1588 Appen.

148 1593 234 1671 regio
245 1594 391 1664 eunucho,
405 1594 568 1672 ingressum
580 1594 812 1674 Phsncgoreem
824 1595 971 1655 hominem
983 1595 1106 1670 occidit,

149 1690 353 1770 populumque
368 1690 407 1751 ud
419 1689 630 1762 vindicandum
639 1679 734 1752 'armis
746 1691 915 1752 libertatem
927 1693 1082 1753 excitarit.

194 1793 244 1848 28.
266 1787 396 1867 Regium
417 1787 505 1848 liberi
524 1788 711 1849 Mithridatis
723 1789 912 1878 'obtinebunt
954 1788 1017 1849 Eos
1031 1788 1107 1850 Ces-

149 1891 210 1956 tor,
223 1893 364 1964 congestu
379 1885 491 1946 circum
508 1905 606 1946 urcem
622 1885 801 1966 incensaque
814 1885 951 1957 muteris,
962 1885 1108 1967 compulit

151 1979 194 2042 ed
206 1979 395 2050 deditionem.
429 1979 469 2040 In
481 1980 528 2041 his
540 1981 745 2063 Artephemes
757 1981 850 2042 ferme
859 1981 1108 2061 quadragenarius

150 2087 234 2138 eret:
257 2078 390 2150 Xerxes,
404 2076 567 2149 Oxathres,
578 2086 610 2138 ct
624 2077 760 2159 Eupetre
773 2077 803 2137 in
817 2078 915 2139 aetetis
927 2076 1010 2138 tiore.
1044 2076 1107 2140 Sed

150 2173 248 2236 nitere
268 2172 397 2236 filiarum
418 2174 603 2236 Mithridatis
616 2174 790 2256 cleopatra,
803 2195 872 2236 cum
884 2175 980 2256 perire
992 2175 1106 2248 mullet,

150 2291 244 2352 quem
256 2291 288 2332 se
299 2270 419 2342 dedere,
432 2279 495 2332 tem
508 2291 648 2351 generoso
660 2271 811 2353 proposito
822 2270 928 2332 fortius
943 2271 1108 2333 stimularit

150 2377 280 2450 petrem,
299 2377 334 2429 ut
353 2367 502 2450 quidlibet
521 2387 574 2449 pro
591 2369 656 2448 dus
674 2367 769 2428 solute
790 2378 955 2429 coneretur.
998 2366 1107 2448 ltuque

151 2464 313 2524 summiaeis
325 2465 365 2525 ub
376 2483 413 2525 eo
427 2462 561 2546 plurimis
573 2463 693 2526 dicretis
705 2473 820 2546 erepte,
833 2473 866 2526 et
877 2464 1108 2546 Pentieepaeum

150 2568 274 2623 revecto
284 2568 338 2622 est.
373 2558 498 2623 Ceteros
509 2559 756 2641 Phunegorenses
768 2560 808 2623 nd
820 2560 958 2644 presidia
967 2560 1108 2625 Romens
1119 2561 1179 2637 Dio.
1190 2561 1261 2615 ΟΜ·

151 2658 384 2719 transmiserim.

196 2760 246 2815 24.
268 2753 401 2817 Subinde
423 2754 556 2815 Centurio
580 2774 716 2815 successu
742 2762 774 2815 et
795 2755 864 2816 eliae
886 2754 1022 2816 civitates
1042 2756 1107 2817 eni·
1120 2760 1226 2827 tpptsu.

151 2860 255 2925 meter,
269 2873 288 2914 e
300 2872 369 2933 rege
381 2850 567 2913 defecerunt:
590 2850 799 2924 Chersonesus,
810 2850 991 2924 Theodosio,
1005 2852 1107 2934 Nym·
1179 2840 1184 2851 ¹

152 2950 284 3032 phaeum,
296 2970 365 3011 oum
382 2949 449 3010 eliis
465 2948 545 3009 circe
559 2949 693 3011 Pontum
706 2951 877 3030 opportunis
889 2948 970 3010 bello
982 2951 1109 3029 gerendo

152 3046 284 3127 oppidis.
325 3044 445 3107 Idcirco
464 3044 655 3107 Mithridates
671 3046 782 3109 crebris
796 3044 1013 3107 defectionibus
1025 3049 1110 3108 terri·

153 3152 216 3215 tus,
234 3162 302 3204 cum
321 3142 477 3215 exercitui,
499 3143 551 3223 qui
571 3162 709 3221 meguem
729 3151 844 3223 purtem
864 3161 904 3202 ex
922 3142 1022 3203 invitis
1038 3164 1109 3207 con-

152 3242 267 3311 stubet,
280 3260 385 3321 perum
404 3237 527 3309 lideret;
550 3238 628 3299 filies
646 3237 796 3319 Scythicis
813 3238 924 3318 regulis
939 3238 1110 3321 desponsus,

153 3338 381 3419 quingentorum
394 3336 521 3400 rnilitum
535 3336 639 3397 edditc
651 3336 799 3417 presidio,
813 3337 904 3407 misit,
915 3344 950 3397 ut
960 3356 1012 3399 eos
1021 3358 1112 3418 quern

153 3436 326 3496 maturrime
338 3454 406 3496 cum
419 3433 614 3495 enxilieribus
625 3434 719 3515 copiis
732 3433 771 3494 ed
783 3454 815 3494 se
826 3433 1017 3515 pertraheret
1049 3431 1112 3494 Sed

154 3530 277 3605 milites,
290 3531 414 3593 occish³
436 3532 466 3591 in
486 3531 590 3591 itinere
610 3529 900 3610 spadonibus,.quod
920 3550 1013 3609 genus
1031 3530 1112 3612 spud

153 3778 161 3799 ,-
204 3744 221 3791 t
237 3740 291 3791 Pru
299 3740 384 3791 metris
394 3738 421 3789 ln
432 3738 493 3791 edd.
503 3738 597 3805 prlorr.
609 3739 720 3809 metuit
731 3738 811 3789 Creu.
822 3736 849 3788 in
859 3738 943 3788 miris
952 3735 1069 3802 erhpp.

536 3872 723 3903 eam-mom

191 3992 320 4040 'Castore
354 3992 455 4055 qucum
483 3989 618 4040 rebellionis
652 4002 712 4038 neru
730 3988 840 4039 sororis:
858 3995 886 4037 et
904 4003 963 4038 curu
982 3988 1023 4038 hic
1042 3988 1112 4038 idem

155 4054 266 4119 nemore]
284 4056 361 4105 Hunc
379 4055 516 4106 (turturem
533 4054 618 4117 suspi·
652 4054 749 4119 sit,qui
761 4068 785 4104 c.
796 4051 1113 4117 thinindiccturbejo·

156 4134 248 4171 osmer
267 4119 375 4172 tratrem
392 4119 473 4172 fnisse
487 4120 618 4171 Stratoni·
654 4120 702 4168 turi
719 4116 797 4169 fllium
817 4117 923 4168 duxisse
933 4133 1050 4178 uxorem,
1064 4133 1112 4183 cp·

156 4200 214 4248 ces,
234 4184 314 4235 tilium
334 4186 450 4236 Cssturis
469 4186 538 4236 illius
572 4200 618 4234 su·
654 4184 716 4235 time
728 4184 753 4233 ln
766 4198 825 4234 euru
837 4184 936 4233 cedunt
950 4199 1008 4249 qun
1020 4182 1054 4232 de
1067 4197 1111 4245 ge·
1155 4235 1159 4241 ,

156 4250 258 4317 perculi
271 4264 286 4299 s
302 4250 457 4301 Mithridste
468 4266 531 4314 rege
543 4200 577 4299 oh
588 4248 618 4299 li·
654 4262 718 4299 nere
733 4248 865 4312 Dejotnri,
880 4248 989 4299 obscuro
999 4248 1111 4310 homine,

155 4316 221 4365 liuor
232 4314 318 4371 diteti,
327 4314 362 4365 de
373 4329 424 4381 que
436 4330 580 4381 suprscep.
593 4318 618 4365 t.
653 4313 733 4365 hebet
741 4314 843 4373 Cicero,
856 4328 904 4380 pro
923 4314 983 4379 Dej·
999 4328 1058 4379 csp.
1070 4317 1110 4363 11.

156 4380 208 4431 Set
218 4379 288 4430 helle
304 4381 426 4444 congruit
444 4388 472 4431 et
489 4380 545 4431 brec
561 4381 619 4443 ejus
655 4381 728 4431 Creu.

157 4445 281 4507 rebellis,
292 4444 325 4495 sd
337 4446 485 4513 exemplum
504 4452 532 4497 et
543 4446 620 4496 ultiu-
