3300 5225
404 547 508 629 4922,
895 573 932 622 r.
954 573 1054 625 urvrr

422 719 508 799 Diqst
610 721 661 776 30.
683 713 756 778 Hoc
779 715 872 779 modo
894 720 1088 782 constituenti
1113 717 1235 803 Syrium
1260 719 1413 804 Pompeio
1435 719 1528 802 legati
1632 742 1633 771 i

403 785 514 902 gfff&
570 811 715 874 Phraatis
727 813 923 898 Tigranisque
940 837 1042 897 regum
1060 817 1218 880 affuerunt.
1259 817 1473 881 Recruduerat
1484 823 1529 882 in·
1632 846 1633 853 ¹

567 918 614 972 ter
626 931 678 972 cos
689 912 819 1003 bellum3
839 915 996 996 uictusque
1009 917 1104 998 primo
1117 917 1221 998 praelio
1231 917 1379 992 Parthus,
1390 919 1529 1001 sequenti

568 1009 730 1070 Armenios
740 1011 905 1093 pepulerat.
947 1012 1047 1093 Igitur
1053 1013 1199 1094 'ligraues
1210 1015 1425 1098 Pompeiusue
1439 1015 1530 1099 Syria

568 1107 756 1169 arcessebat:
779 1108 915 1170 Parthus
927 1111 1089 1172 accusabat
1101 1109 1259 1174 Romus
1268 1114 1361 1186 uuio,
1374 1122 1411 1174 ut
1420 1117 1529 1176 sentire

567 1201 734 1284 Pompeius
747 1215 857 1286 posset,
869 1206 899 1266 si
909 1205 1024 1267 bellum
1036 1217 1191 1290 ooeptaret,
1204 1229 1274 1270 cum
1292 1218 1416 1292 potente
1429 1219 1464 1272 et
1475 1233 1528 1292 pa-

555 1309 634 1365 rato
660 1302 743 1362 boste
769 1312 919 1364 certamen
952 1303 1025 1366 iore.
1075 1307 1269 1388 Quapropter
1298 1309 1529 1370 inconstantium
1632 1314 1633 1385 1

567 1397 693 1461 fortuuae
705 1411 856 1482 reputans,
871 1401 956 1464 nulla
971 1401 1095 1482 Tigrani
1115 1402 1230 1465 auxilia
1241 1405 1332 1478 misit,
1345 1425 1445 1486 noque
1457 1421 1528 1468 cou-
1632 1434 1633 1443 ¹

435 1535 463 1564 -,
567 1507 616 1560 tra
641 1498 775 1560 Parthos
796 1499 960 1582 quicquam
985 1499 1059 1562 iecit
1082 1501 1240 1576 hostiliter,
1265 1521 1377 1582 negans
1397 1503 1531 1584 ‘injussu

568 1605 688 1660 senatus
701 1598 865 1680 populique
878 1597 1138 1660 Romanibellum
1151 1600 1261 1682 msoipi
1278 1599 1326 1662 fas
1343 1601 1432 1662 esse?
1473 1601 1530 1663 Ie-
1632 1610 1633 1619 ’

569 1695 646 1775 gatis
659 1703 758 1774 autem
771 1695 934 1776 respoudit,
954 1705 1037 1758 ‘esse
1051 1695 1181 1757 Pbraati
1201 1716 1260 1757 oou
1279 1717 1349 1758 oum
1369 1697 1533 1771 Romaiu,

467 1867 472 1878 Ι
567 1789 622 1851 sed
645 1789 775 1872 Tigrane
796 1791 967 1854 delinibus
989 1794 1240 1854 controversiam:
1260 1793 1419 1855 missurum
1442 1795 1533 1876 igitur

466 1881 474 1914 ¹
508 1898 516 1915 ·
568 1889 730 1960 tresviros,
744 1889 795 1970 qui
807 1887 982 1974 dissideutes
993 1889 1225 1971 componoreut'
1410 1888 1415 1903 '

611 1991 662 2046 ³1.
684 1984 797 2068 Neque
815 2005 899 2066 reges
917 1995 1101 2059 recusarunt,
1114 1989 1189 2067 quia
1208 1985 1278 2047 illos
1296 2007 1351 2067 pro
1365 1988 1533 2067 jusb'sslis·

568 2084 772 2165 ceptatoribus
785 2083 994 2148 admitterent:
1014 2103 1187 2169 quanquam
1206 2085 1282 2145 iuter
1293 2085 1374 2166 ipsos
1380 2088 1451 2166 jam
1464 2087 1534 2148 odio

569 2189 710 2261 metuque
718 2178 924 2242 Romanorum
934 2189 1131 2241 converrerat·
1143 2179 1290 2260 Tigranes
1297 2184 1417 2260 negatis
1425 2203 1533 2265 suppe-

569 2277 620 2338 tiis
628 2277 730 2349 iratus,
738 2277 889 2338 Phraates
895 2276 952 2338 sibi
960 2275 1290 2358 memeus,si'l'igraues
1297 2280 1436 2360 perisset,
1445 2282 1533 2342 ambo

569 2373 761 2434 satisoertum
770 2373 1536 2454 putantes‚adutrumcumexcidioalteriusrictoriu

569 2471 709 2543 venisset,
724 2468 808 2532 illum
820 2471 918 2532 hostes
931 2469 1100 2544 Romanos,
1119 2480 1153 2533 et
1163 2473 1261 2532 miuus
1274 2471 1314 2532 ad
1327 2471 1534 2554 repellendum

569 2569 677 2633 uirium
689 2569 871 2641 habiturum,
885 2569 915 2629 iir
927 2569 1053 2650 gratiam
1066 2568 1148 2631 baud
1159 2566 1318 2631 difficulter
1329 2569 1494 2633 redienrut.

611 2674 662 2729 ³2.
684 2666 764 2729 Cum
785 2669 862 2729 iuter
879 2668 935 2729 bas
948 2687 995 2729 res
1005 2668 1194 2729 comitiorum
1206 2667 1271 2731 dies
1283 2668 1436 2741 adessem,
1451 2688 1534 2749 mag·

450 2790 463 2812 ¹-
569 2784 640 2826 uum
652 2766 683 2825 iu
695 2764 780 2827 Urbe
793 2784 936 2827 novorum
948 2766 1102 2827 consulum
1114 2767 1365 2847 expectationem,
1373 2766 1535 2828 multitudo

569 2864 809 2944 competitorum,
822 2872 854 2923 et
865 2872 1003 2945 suspecta
1018 2862 1203 2944 quorundam
1222 2862 1347 2924 consilia
1365 2874 1536 2925 moverunt.

425 2962 549 3016 Ascuam
572 2958 694 3041 Septem
715 2961 745 3020 iu
766 2980 836 3021 eum
853 2980 966 3021 anuum
977 2959 1131 3021 candidati
1144 2960 1305 3041 petebant:
1325 2962 1449 3042 patricii
1461 2960 1533 3035 (luo,

406 3030 559 3097 Tog.cmd.
572 3058 613 3119 Ρ.
628 3056 781 3140 Sulpicius
794 3056 910 3130 Galba,
925 3056 961 3118 L.
976 3056 1098 3138 Sergius
1109 3058 1262 3129 Catilium
1283 3040 1411 3119 totidem
1423 3060 1534 3141 plebeii

571 3154 697 3228 nobiles,
710 3155 750 3217 (l.
764 3154 928 3227 Antonius,
942 3154 979 3216 L.
994 3154 1132 3217 curdus:
1153 3164 1298 3238 preterea
1315 3156 1358 3224 Q.
1373 3156 1536 3218 Cornifici·

570 3272 617 3324 us,
630 3250 670 3314 0.
684 3252 817 3314 licinius
830 3252 990 3324 Sacerdos,
1002 3252 1056 3337 qui
1066 3258 1206 3313 tauttrm⁴
1218 3272 1278 3314 ooo
1291 3254 1378 3335 primi
1391 3272 1432 3313 ex
1446 3253 1534 3314 fami-

570 3349 619 3411 liis
631 3352 691 3412 suls
703 3351 908 3431 magistratum
920 3358 1083 3430 gesserant.
1124 3348 1216 3412 Solus
1234 3351 1468 3431 competitorum
1487 3350 1534 3412 Μ.

569 3444 688 3508 Tullius
698 3446 819 3520 Cicero,
832 3449 962 3529 equestri
971 3446 1040 3508 loco
1047 3455 1146 3519 uatus,
1156 3445 1255 3507 nullas
1266 3455 1416 3508 ostentae
1429 3448 1537 3528 imagi·

570 3562 623 3603 nes
642 3552 769 3625 poterat.
811 3542 875 3607 sed
894 3545 945 3607 bio
962 3543 1142 3625 eloquentior
1155 3542 1306 3626 presidio,
1319 3552 1352 3605 et
1363 3544 1536 3625 integritate

571 3658 685 3703 morum
706 3642 736 3703 iu
756 3640 788 3702 id
809 3640 962 3723 festigium
981 3649 1047 3702 erat
1063 3642 1174 3714 euisus,
1188 3649 1224 3701 ut
1240 3640 1358 3702 meliori
1375 3661 1431 3723 spe
1444 3661 1536 3723 quan

571 3748 736 3801 ceterorum
749 3740 907 3820 quisquam
920 3745 1045 3820 peteret.

292 3894 296 3906 ,
408 3846 477 3899 Plut.
488 3844 544 3904 cie.
614 3842 665 3897 83.
688 3834 881 3917 Quapropter
893 3834 1049 3897 Antonius
1065 3840 1099 3895 et
1108 3830 1257 3905 Catilina,
1267 3832 1389 3914 possim
1401 3834 1536 3897 omniun

408 3913 501 3965 Am·
573 3932 804 4015 turpissimique,
814 3934 973 3994 coitionem
984 3930 1130 4004 iecerunt,
1142 3939 1177 3991 ut
1186 3930 1366 3992 Ciceronem
1375 3931 1537 3993 consulatu

572 4028 747 4111 dejicerent,
760 4029 1007 4112 adjutoribususi
1019 4027 1190 4090 firmissimis
1207 4026 1256 4090 bt.
1270 4028 1394 4100 Crasso,
1409 4026 1450 4092 0.
1464 4028 1537 4090 Ga·
1632 4037 1633 4042 ’

540 4182 546 4203 ,
573 4148 650 4201 sare,
661 4128 714 4210 qui
727 4126 848 4189 civilem
860 4126 1015 4189 Ciceronis
1033 4128 1199 4209 potentiam
1216 4124 1383 4186 rationibus
1401 4126 1462 4185 suis
1478 4124 1538 4187 usl-

573 4245 689 4287 versam
702 4224 764 4287 lore
772 4223 963 4305 judicabant.
1006 4223 1129 4287 Horum
1140 4242 1233 4304 opera
1249 4230 1282 4283 et
1297 4220 1480 4283 factionibus
1492 4222 1541 4283 ita

575 4321 677 4405 pularu
689 4322 804 4384 fervere
818 4322 949 4383 ambitus
960 4330 1100 4405 cuperat,
1113 4330 1157 4394 ut,
1170 4320 1275 4403 paucis
1287 4318 1388 4381 adbuc
1398 4320 1540 4379 comitio-

591 4473 608 4522 t
621 4470 666 4523 Ita
677 4471 795 4537 reposuit
807 4470 887 4523 Cres.
897 4485 931 4522 ex
942 4469 1186 4538 Areon-protenso
1194 4468 1221 4521 iu
1229 4466 1290 4521 eod.
1302 4480 1400 4534 prece.
1410 4464 1526 4517 edim.
