3300 5225
890 539 927 590 ‘lo
947 539 1046 592 mvn

558 683 703 748 tbridates
715 685 746 746 in
764 685 951 766 gymnasium
971 703 1031 746 nou
1045 680 1237 754 motandi-et,
1249 683 1280 742 in
1296 701 1381 744 uram
1390 680 1515 742 domam

558 790 749 853 convocatos,
763 783 842 844 bono
854 781 952 842 animo
964 799 1029 841 esse
1041 781 1143 859 jussit,
1155 788 1199 851 et,
1211 779 1430 860 quamprimum
1441 778 1518 840 data
1612 778 1613 793 ¹

558 879 677 942 occasio
699 877 787 950 toret,
813 877 944 959 undique
966 878 1075 938 strictis
1100 878 1287 938 mucronibus
1312 877 1458 958 impetum
1486 877 1517 938 in

558 997 657 1056 regem
669 976 777 1038 lscere.
820 974 894 1047 Sed,
914 995 946 1036 re
965 967 1097 1046 demota,
1112 973 1306 1036 Mithridates
1323 995 1428 1036 omnes
1445 995 1517 1038 curn

397 1084 506 1152 Appias.
558 1073 700 1136 uxoribus
719 1083 752 1136 et
773 1073 875 1134 liberis
895 1072 1055 1144 interfecit,
1076 1072 1230 1154 sepultura
1251 1092 1372 1153 quoque
1393 1083 1518 1153 uegeta.

558 1169 632 1232 Tres
650 1169 855 1232 tantummodo
874 1171 946 1250 fuga
961 1171 1080 1233 serrati
1121 1170 1290 1233 Pecuniam
1310 1190 1430 1232 omnem
1453 1169 1517 1232 Mi·

558 1266 702 1329 thridstes
713 1269 853 1350 diripuit:
868 1269 1025 1348 missoque,
1034 1269 1086 1349 qui
1096 1268 1177 1346 genti
1188 1277 1335 1350 prreesset,
1346 1267 1518 1338 Eunucho,

560 1363 791 1445 Gallograeciam
813 1367 844 1426 in
864 1366 1024 1446 provinciae
1046 1365 1171 1426 formum
1195 1365 1320 1444 redegit
1363 1363 1438 1435 Sed,
1464 1367 1517 1446 qui

397 1471 547 1524 ομνια.
558 1463 735 1542 effingerent.
749 1463 854 1543 reguli,
867 1483 993 1545 qnorum
1012 1462 1189 1524 clarissimus
1203 1463 1366 1524 Deiotarus
1377 1463 1431 1524 diu
1449 1473 1519 1544 post

396 1570 504 1638 Appian.
559 1561 623 1624 brec
642 1571 776 1643 tempora
788 1557 1082 1642 vitam‘regnumque
1101 1561 1252 1642 produxit,
1269 1560 1400 1622 collecta
1418 1581 1518 1642 popu·

559 1659 667 1722 larium
679 1679 780 1729 manu,
793 1658 980 1720 Mithridatis
992 1658 1210 1740 pruiniacum
1224 1659 1288 1740 ipso
1300 1657 1444 1740 prefecto
1462 1679 1518 1720 sx-

602 1755 709 1818 lerunt.

559 1777 652 1914 pudo.
674 1851 767 1914 Chios
779 1850 876 1912 adhuc
889 1853 1006 1932 gravior
1016 1850 1173 1915 calamitas
1181 1851 1338 1932 oppressit.
1366 1847 1518 1912 Publica·

560 1947 599 2010 tis
610 1949 740 2008 omnium
757 1949 855 2019 bonis,
868 1949 919 2029 qui
933 1949 1058 2030 profecti
1071 1947 1111 2010 ad
1125 1946 1243 2029 Syllam
1253 1947 1391 2016 fuerant3
1405 1945 1518 2010 deinde

560 2045 665 2116 missin,
683 2045 777 2127 quiin
797 2044 957 2106 factionem
974 2045 1145 2107 Romanam
1158 2044 1349 2125 inquirerent,
1368 2053 1519 2124 posbemo

559 2161 627 2204 cum
641 2141 761 2202 militari
778 2161 869 2202 manu
891 2142 1043 2204 zenobius
1058 2141 1156 2213 affuit,
1176 2140 1362 2202 dissimulato
1378 2139 1519 2213 oonsilio,

559 2245 702 2319 tunquam
720 2239 750 2299 in
772 2237 924 2300 Grmciam
944 2240 1131 2318 bnjcctnrns.
1174 2236 1209 2298 Is
1224 2246 1519 2319 sooturnotempore

559 2353 658 2394 muros
676 2334 766 2406 urbis,
780 2343 813 2395 ot
823 2335 850 2395 si
863 2353 931 2414 quae
941 2334 1002 2396 alia
1016 2346 1090 2416 apta
1100 2333 1264 2396 defensioni
1275 2333 1344 2394 loca
1355 2342 1455 2406 erant,
1465 2355 1519 2395 oc-

558 2431 691 2511 cuparit,
712 2439 755 2502 ot,
777 2429 917 2512 prasidio
931 2432 971 2493 ad
989 2441 1090 2512 portas
1107 2431 1269 2502 collocato,
1282 2449 1335 2512 per
1347 2450 1518 2512 preconem

557 2525 688 2608 hospites
720 2527 883 2608 quiescere,
905 2527 1073 2610 oppidanos
1096 2529 1128 2588 in
1154 2528 1327 2590 concionem
1353 2526 1518 2607 procedere

552 2624 654 2703 jussit,
666 2626 808 2686 mandata
821 2625 898 2704 regis
910 2635 1096 2707 accepturos.

598 2728 649 2783 40.
672 2720 737 2783 Ubi
754 2731 966 2794 convenerunt,
987 2720 1100 2783 ‘Nihil
1119 2742 1172 2783 eos
1188 2722 1289 2783 mirari
1307 2720 1441 2793 debere‚'
1463 2722 1518 2794 ait,

558 2818 603 2878 ‘si
623 2812 751 2897 graviter
770 2820 878 2879 iratum
893 2818 951 2879 sibi
964 2840 1062 2899 regem
1074 2819 1209 2881 audiant.
1251 2820 1377 2887 Quanto
1389 2820 1519 2900 qu'mqae

556 2916 597 2977 sit
605 2914 726 2996 majoris
739 2914 831 2977 enimi
841 2914 971 2996 locique,
984 2924 1070 2977 tanto
1081 2916 1188 2994 egrius
1200 2915 1328 2976 tolerare
1337 2917 1520 2995 injurius,et

556 3030 742 3091 concoquere
755 3012 831 3071 iram
843 3031 940 3093 posse.
983 3012 1193 3073 Mithridatem
1204 3012 1262 3073 bac
1272 3012 1417 3093 potentia,
1430 3021 1464 3072 et
1472 3012 1520 3073 bis

557 3106 647 3187 gestis
659 3108 757 3181 rebm,
779 3108 961 3189 iniquissimo
976 3110 1076 3169 animo
1097 3108 1238 3181 laturum,
1257 3110 1284 3169 si
1300 3129 1320 3170 a
1334 3128 1431 3189 pam
1441 3108 1518 3169 ciri·

558 3212 621 3265 tate
633 3206 786 3265 contemni
796 3212 894 3286 putet,
906 3224 998 3285 quem
1009 3205 1149 3267 maxime
1162 3204 1298 3266 nationes
1304 3204 1518 3287 potentinimi-

558 3320 617 3379 que
640 3320 725 3379 reges
739 3300 853 3362 colant.
895 3301 996 3362 Plane
1016 3310 1164 3373 constare,
1185 3301 1295 3362 multos
1316 3320 1418 3362 eorum
1434 3303 1519 3365 circs

559 3394 708 3459 Romane
720 3396 862 3458 factionis
872 3418 956 3459 esse:
971 3406 1070 3459 nuum
1087 3407 1187 3459 autem
1204 3398 1309 3471 inrita,
1326 3418 1366 3457 an
1377 3417 1452 3458 vero
1463 3420 1517 3460 vo·

559 3490 638 3553 lente
650 3494 772 3554 civitate
785 3494 856 3567 sint,
869 3514 929 3556 nou
942 3504 1087 3559 constare.
1129 3496 1178 3557 At
1188 3516 1261 3557 rero
1273 3516 1312 3557 ea
1322 3495 1406 3557 lacta
1417 3515 1517 3576 neque

559 3591 663 3651 morito
673 3592 760 3671 regis,
774 3611 871 3671 neque
886 3592 1016 3673 ipsorum
1028 3594 1178 3675 promissis
1189 3592 1375 3674 respondere.
1396 3591 1518 3673 Negari

559 3706 619 3749 uon
644 3707 730 3769 posse
752 3686 845 3768 ipsius
868 3688 1025 3764 beneflcio,
1052 3689 1303 3773 quemadmodum
1328 3698 1361 3753 et
1384 3698 1517 3753 oeteram

561 3782 680 3857 Asiam,
693 3786 864 3863 gmrisaimo
877 3785 1024 3849 Romanae
1036 3788 1248 3850 dominationis
1260 3791 1338 3869 jugo
1356 3788 1517 3849 liberatam

562 3880 660 3941 Chion
672 3902 746 3943 esse.
789 3882 896 3963 Atque
912 3884 969 3945 hoc
986 3886 1068 3967 ipsos
1086 3887 1241 3965 agnovisse
1259 3905 1279 3945 a
1291 3886 1448 3967 principio,
1468 3906 1517 3946 rc·

561 4000 686 4060 genuque
705 3980 765 4039 suis
782 3978 909 4041 decretis
925 3982 1116 4045 liberatorem
1138 3992 1229 4065 etque
1252 3982 1353 4044 Deum
1378 3982 1516 4064 appella·

560 4080 648 4138 visae.
689 4078 794 4157 Atque
813 4076 899 4138 illum
918 4080 1046 4142 vicissim
1064 4083 1199 4143 tribuisse
1215 4083 1328 4151 multu
1345 4081 1517 4145 debitorum

560 4186 673 4257 portem
695 4175 838 4235 remisisse
857 4196 1012 4257 magnam
1033 4200 1073 4243 ex
1096 4182 1184 4242 bonis
1201 4180 1410 4242 damnatorum
1429 4182 1516 4243 addi·

559 4272 637 4333 disse
651 4271 819 4353 plurimum.

600 4376 650 4431 41.
672 4368 762 4431 ‘Pru
783 4371 830 4432 his
848 4372 960 4435 meritis
978 4374 1092 4450 audire,
1113 4376 1210 4439 Chios
1228 4374 1436 4439 Romnum
1450 4396 1514 4437 erse
