3300 5225
355 586 462 636 einer
486 581 1010 637 nxxx11.surrr.nuuurun.
1153 567 1243 636 4⁷18

169 735 218 790 20.
241 726 334 790 Circa
343 728 467 790 Uticam
477 739 600 811 uterque
610 730 757 792 exercitus
767 729 797 790 in
808 731 873 792 acie
883 728 988 800 astitit,
998 727 1079 790 valle
1092 736 1244 792 ornarat.

130 835 242 888 aarum
255 826 427 908 interposita
441 845 545 908 aspera
554 835 587 888 et
597 827 637 888 ad
651 826 861 888 transeundum
871 825 996 886 difficili.
1028 825 1080 887 Ob
1092 835 1159 888 Plut.

130 943 193 982 eam
206 943 279 993 rem,
293 922 407 1003 etquis
418 931 524 984 ventus
538 924 661 984 imbrem
680 922 776 982 lerens
791 944 811 983 a
826 923 921 1003 primo
934 942 1020 983 mane
1032 941 1080 982 or-

129 1029 175 1080 tus
188 1039 225 1079 ne
239 1029 380 1101 provecto
395 1018 518 1100 quidem
537 1020 586 1081 die
607 1021 752 1090 cessabat,
767 1020 920 1080 Domitius
930 1029 996 1102 tum
1006 1030 1080 1080 tem·

130 1118 209 1197 poris
228 1117 347 1176 minime
363 1125 527 1198 pugnatum
545 1117 580 1178 iri
596 1127 687 1190 ratus,
705 1118 822 1196 siguum
842 1117 974 1199 receptui
985 1115 1080 1178 dedit.

130 1211 224 1273 Hanc
236 1233 319 1274 suam
332 1215 516 1274 occasionem
531 1213 695 1294 Pompeius
708 1212 846 1295 prudenti
857 1214 981 1274 consilio
989 1222 1081 1286 rana,

128 1312 268 1370 continuo
281 1309 450 1370 transduxit
464 1329 543 1381 suos,
557 1310 748 1390 hostibusque
762 1309 962 1389 incompositis
972 1319 1006 1370 et
1020 1309 1081 1369 dis·

122 1407 215 1485 jectis
236 1407 381 1466 incubuit.
423 1405 471 1466 At
493 1404 536 1465 illi
555 1416 643 1467 vento
660 1425 776 1485 quoque
797 1405 1004 1478 turbabantur,
1017 1406 1082 1485 qui,

128 1503 284 1584 compulsa
304 1505 335 1562 in
351 1523 408 1564 ors
425 1502 585 1582 oculosque
602 1502 717 1582 pluvia,
730 1511 922 1583 conspectum
935 1501 1082 1563 auditum·

127 1619 184 1680 que
199 1599 361 1660 adimebat.
403 1598 438 1660 N
439 1620 473 1660 ec
491 1619 598 1681 expers
615 1600 705 1679 hujus
724 1599 904 1660 incommodi
920 1598 1081 1680 Pompeia·

128 1715 180 1756 nus
198 1698 350 1757 exercitus
362 1705 446 1757 erat:
468 1695 603 1776 adeoque
619 1695 682 1756 dux
692 1696 755 1776 ipse
766 1715 870 1777 parum
883 1693 991 1768 abfuit,
1010 1696 1083 1775 quin

127 1793 313 1854 occideretur
325 1813 345 1870 a
356 1793 462 1864 milite,
480 1795 529 1854 cui
546 1802 684 1853 tmseram
703 1793 837 1875 poscenti
854 1791 967 1852 tardius
983 1792 1083 1854 reddi·

126 1888 223 1950 derat
257 1889 343 1951 Victi
361 1899 460 1950 tamen
478 1909 588 1969 magua
605 1909 705 1970 pugna
718 1888 887 1948 Domitiani
906 1898 985 1962 sunt,
998 1897 1033 1950 ut
1045 1889 1083 1950 de
1095 1902 1225 2019 Italtpjr.

126 1986 236 2066 viginti
248 1985 380 2047 millibus
392 1986 541 2046 hominum
555 1986 613 2045 tria
625 1993 740 2046 tantum
750 1977 946 2066 superessent.
987 1985 1082 2046 Pom·
1095 1969 1168 2021 ⁰¹⁰⁸·
1201 1969 1246 2018 ¹⁰⁸·

126 2083 214 2162 peius
224 2103 293 2143 cum
306 2083 346 2142 ob
358 2083 435 2144 benc
444 2083 603 2144 uictoriam
614 2083 774 2162 imperator
784 2083 823 2142 ab
833 2083 967 2144 exercitu
978 2081 1082 2163 appel·

125 2179 248 2253 latetur,
263 2182 383 2260 negavit
403 2180 480 2241 ‘boc
492 2200 525 2240 se
538 2199 644 2240 nomeu
663 2199 835 2258 agnoscere,
848 2178 944 2240 donec
955 2179 1083 2240 bostium

125 2287 228 2338 castra
240 2277 372 2338 starent?
413 2275 468 2338 Ad
488 2277 567 2337 huuc
584 2296 704 2358 qnoque
723 2275 855 2336 laborem
871 2276 992 2356 promtis
1004 2274 1082 2336 mili·

126 2385 189 2434 tum
204 2375 343 2435 manibus
361 2395 430 2435 usus
447 2383 511 2434 est:
532 2381 575 2446 et,
595 2393 632 2434 ue
645 2374 751 2433 iterum
763 2374 794 2432 in
811 2371 907 2432 simile
919 2371 1083 2454 periculum

126 2471 284 2544 incideret,
298 2472 433 2554 deposita
451 2472 539 2552 galea
559 2470 639 2530 nudo
662 2469 761 2552 capite
779 2471 933 2551 pugnavit.
975 2468 1085 2530 Castra

126 2578 320 2652 captarunt:
344 2569 506 2641 Domitius,
520 2567 592 2629 dum
611 2568 687 2630 inter
701 2568 980 2650 primoerepugnat,
993 2585 1083 2629 oocu-

125 2668 203 2729 buit.
248 2668 395 2730 Civitates
407 2688 475 2748 quae
496 2675 605 2727 secute
619 2666 825 2727 Carbonianae
838 2674 937 2748 partae
954 2664 1083 2737 fuerant,
1112 2678 1249 2729 vultu.

123 2775 234 2847 sponte
256 2765 295 2825 ad
315 2765 489 2846 obsequium
512 2765 632 2825 victoris
654 2771 862 2825 occurrerunt:
883 2761 1033 2823 nonnulle
1052 2748 1171 2860 rigiz

126 2872 257 2945 recepte
270 2872 347 2923 sunt.

166 2968 222 3021 21.
244 2960 293 3020 Ut
304 2959 410 3020 deinde
426 2958 633 3041 Hiempsalem
647 2959 677 3019 in
691 2942 851 3019 Numidiae
863 2978 983 3038 regnum
1001 2960 1084 3021 resti·-
1110 2968 1170 3022 Sall.
1182 2968 1248 3024 lua

126 3064 238 3129 lueret,
259 3054 421 3116 Hiertam⁸
433 3054 514 3117 bello
536 3065 719 3138 persecutus,
744 3056 817 3136 quia
839 3054 975 3117 Domitio
998 3056 1083 3117 auxi·
1095 3038 1196 3163 2³29·
1209 3108 1235 3149 7·

126 3154 205 3215 lium
222 3152 343 3223 trrlerat,
361 3153 391 3212 iu
409 3150 512 3231 fugam
529 3154 711 3235 precipitem
727 3152 806 3237 egit:
827 3150 935 3213 deinde
955 3152 1085 3215 immisso
1111 3162 1227 3213 Aemus

127 3248 259 3329 Bognde
285 3247 401 3309 Bocchi
428 3248 604 3310 Maurorum
628 3250 705 3329 regis
730 3248 805 3321 filio,
831 3250 927 3331 copiis
950 3250 1085 3311 omnibus
1095 3228 1232 3342 {fflh

125 3346 291 3428 spoliavit:
312 3354 459 3427 postremo
473 3344 574 3406 Bulla
587 3345 748 3417 obsonum,
761 3344 866 3406 dedito
883 3344 941 3406 sibi
961 3344 1084 3427 oppido,
1096 3308 1176 3434 Orqd

124 3441 291 3504 interfecit.
333 3441 386 3504 Ite
408 3463 529 3523 regnum
543 3440 699 3503 Numidia
717 3444 757 3503 ab
773 3441 887 3503 Hierta
900 3442 939 3503 ed
954 3442 1085 3525 Hiemp-
1096 3422 1224 3537 ΒἪᾸ

123 3540 225 3602 salem
237 3540 380 3622 Pompeii
403 3539 548 3601 beneficio
566 3540 673 3601 rediit:
695 3560 785 3621 qnam
808 3541 974 3602 universam
994 3538 1173 3604 finiti-etr.

125 3656 254 3719 masque
277 3636 394 3718 aliquot
414 3637 549 3717 regiones
566 3656 636 3697 enm
655 3637 767 3699 victore
786 3638 920 3698 exercitu
939 3638 1016 3698 mire
1033 3656 1085 3697 oe·
1096 3616 1163 3666 PM·

125 3734 249 3796 leritate
263 3736 442 3817 peragrarit,
451 3733 651 3816 quadraginta
660 3754 719 3795 uon
727 3734 854 3816 amplius
862 3733 967 3795 diebus
976 3732 1086 3795 Africa

126 3839 264 3913 recepta,
277 3850 490 3913 regnorumque
501 3840 580 3893 statu
590 3832 764 3915 composito,
773 3850 915 3894 annorum
924 3828 1085 3893 admodum
1096 3843 1155 3897 Ην.
1165 3842 1233 3910 epte

125 3937 261 4009 quatuor
274 3936 306 3989 et
318 3929 425 4009 viginti
437 3929 621 3992 adolescens.
1008 3990 1014 4003 ,

170 4031 225 4087 22.
247 4023 416 4105 Postquam
429 4012 610 4089 eNumidia
622 4046 754 4089 reversus
774 4025 899 4088 Uticam
918 4023 1163 4098 est,re‹1ui·rus

124 4130 169 4180 tae
189 4129 261 4182 sunt
277 4122 305 4181 ei
323 4120 475 4183 dictatoris
493 4123 590 4185 literae
602 4122 748 4185 dimittere
764 4124 900 4204 jubentis
911 4121 1086 4193 exercitum,

126 4224 246 4279 etcum
259 4236 320 4278 una
341 4216 457 4298 legione
477 4228 638 4302 expectare
650 4240 857 4282 successorem.
899 4217 1021 4280 Iduum
1040 4216 1086 4299 ip·

161 4392 177 4428 ⁸
189 4382 317 4461 librtm]
331 4384 393 4439 Slre
401 4386 529 4441 flictu.
546 4386 619 4441 Alibi
630 4387 699 4439 eninr
711 4384 787 4441 aliter
798 4386 926 4455 scriptun
934 4385 984 4441 boe
992 4396 1086 4437 nome·

125 4456 275 4517 reperitur.
294 4452 365 4501 cm.
732 4490 739 4501 .

199 4532 393 4599 veneretur.
405 4536 471 4587 Cloe.
634 4532 730 4588 Liuius.
1109 4530 1141 4579 ld
1157 4526 1182 4577 Α
