3300 5225
395 597 499 648 sisar
526 593 686 648 uxxxrr.
706 591 1032 651 sureunrrnururr.
1180 581 1266 654 tffll

152 748 189 798 ut
207 747 325 801 eeteros
349 739 559 802 benevolentia
581 741 729 813 retineret,
757 740 896 802 ‘Granis
920 763 973 824 per
995 741 1103 802 Asiani
1117 749 1224 818 Appia.

151 836 277 898 urbibus
288 835 477 910 libertatern‚'
489 838 597 910 edixit,
611 848 662 900 ‘se
674 838 854 900 oonoedere:
868 860 967 921 porro,
977 839 1103 919 nequod

149 955 245 1015 genus
256 936 406 996 bominum
418 937 507 1016 regie
518 935 728 998 monitioeutiu
740 955 846 1017 expers
858 935 945 1008 soret,
957 936 1104 998 debitores

148 1033 218 1092 teris
237 1033 328 1093 alieni
353 1033 536 1112 obligatione
561 1034 656 1105 solvi,
681 1033 840 1115 inquilinos
859 1036 1001 1115 cujusque
1024 1035 1104 1094 urbis

147 1128 262 1190 civium
273 1149 395 1190 numero
412 1147 450 1192 ao
467 1133 536 1210 jure
551 1149 657 1210 egere3
675 1131 844 1190 manumitti
860 1151 958 1192 servos
974 1131 1103 1210 jubere!

149 1221 235 1286 noe
257 1245 294 1287 oo
314 1227 512 1308 pertinebant,
533 1235 578 1297 ut,
597 1235 703 1288 eontra
721 1237 854 1289 veterum
871 1228 979 1288 nivium
997 1227 1104 1289 dubios

148 1311 276 1395 animos,
289 1323 354 1385 hec
364 1333 442 1386 esset
452 1345 568 1406 semper
580 1324 620 1385 ad
633 1324 786 1384 arbitrium
799 1325 876 1404 regis
883 1333 989 1406 persta
997 1324 1101 1399 santio,

147 1440 208 1482 non
220 1423 262 1482 ob
274 1432 431 1504 aooeptum
444 1422 532 1483 modo
542 1421 731 1493 beneficium,
741 1421 795 1484 sed
807 1423 889 1505 quia,
903 1430 1022 1483 auctore
1032 1423 1101 1482 sub-

146 1515 223 1590 lato,
237 1539 276 1578 ue
289 1519 365 1579 illud
376 1519 498 1600 quidem
509 1520 567 1580 sibi
579 1538 749 1580 mensurium
761 1539 824 1580 esse
838 1519 1054 1599 intelligebant.

190 1623 242 1676 ta.
263 1615 375 1678 Plures
385 1616 495 1678 deiude
507 1625 612 1677 eontra
630 1615 838 1677 Mithridatem
859 1617 941 1678 initae
958 1615 1100 1677 detecta·

146 1739 208 1799 que
230 1716 451 1797 conjurationes
471 1715 600 1776 fuerunt
642 1713 820 1774 Familiares
839 1715 915 1794 regis
936 1713 1101 1774 Minionem
1191 1770 1200 1778 .

144 1824 178 1876 et
189 1814 389 1875 Philotimum
408 1811 590 1894 Smymaeos,
609 1819 641 1872 et
663 1811 802 1872 Lesbium
823 1795 1017 1882 Clisthenem,
1038 1810 1099 1871 As·

145 1911 347 1994 elepiodotus,
361 1912 468 1992 etipse
487 1909 585 1970 lesbo
603 1909 755 1983 oriundus,
777 1929 847 1970 eunt
867 1909 1015 1991 psrtioeps
1034 1909 1101 1986 ejus

144 2010 265 2071 consilii
278 2007 393 2080 luisset,
406 2005 556 2088 prodidit:
577 2007 709 2068 adducto
725 2006 809 2068 velut
831 2008 862 2067 in
879 2014 1021 2068 moretum
1036 2004 1098 2066 Mi-

145 2108 246 2178 nioue,
265 2115 299 2166 ut
320 2107 383 2186 ipse
402 2125 456 2164 rex
476 2113 544 2186 post
561 2103 672 2166 lectum
694 2103 813 2165 abditus
833 2103 872 2164 de
894 2105 1098 2184 conjuratione

146 2198 285 2285 agenteni
308 2201 433 2264 oudinet.
474 2201 538 2262 His
559 2202 603 2262 ita
617 2201 817 2283 deprehenso,
841 2202 976 2282 quamvis
997 2201 1099 2261 omnia

142 2301 329 2364 crudelitatis
341 2299 460 2378 ingenia
477 2298 665 2371 admovisset,
686 2300 751 2380 ipse
762 2306 862 2358 tamen
879 2299 986 2379 sapius
999 2297 1098 2363 animo

142 2398 392 2468 discruciabatur,
416 2395 490 2455 nihil
516 2397 585 2474 jam
614 2414 652 2455 ne
681 2396 757 2455 inter
778 2393 954 2456 domesticos
976 2397 1097 2476 quidem

142 2505 241 2562 tntum
254 2493 407 2573 fidumque
420 2491 606 2553 inveniendo.

183 2601 235 2655 49.
258 2592 426 2673 Postquam
440 2598 540 2652 autem
553 2591 643 2651 etiam
656 2589 801 2671 Pergami
816 2591 934 2653 circiter
946 2591 1096 2671 octoginta

142 2693 226 2755 viros
239 2688 318 2751 idem
332 2688 512 2771 propositum
525 2688 664 2749 habuisse
676 2689 834 2768 cognorit;
857 2690 887 2748 in
900 2691 1008 2750 ueteris
1019 2691 1094 2750 eiri-

141 2789 257 2850 tatibns
286 2807 346 2848 non
371 2785 472 2847 delore
497 2786 550 2867 qui
579 2784 689 2845 similia
714 2786 886 2846 molirentur
910 2787 1094 2857 existimaus,

142 2881 254 2969 passim
265 2885 400 2945 exeroeri
412 2884 605 2964 questionem
624 2882 799 2965 proditionis
812 2884 914 2963 jussit.
954 2882 1013 2955 At,
1027 2884 1093 2963 qui·

139 2984 199 3043 bus
221 2982 253 3043 id
275 2982 426 3061 negotium
445 2981 631 3042 oommissum
653 2980 762 3052 fuerat,
789 3000 900 3062 paucos
918 3000 957 3041 ex
979 2980 1094 3052 merito,

139 3090 273 3141 oetaeum
292 3080 498 3160 enusquisque
518 3079 652 3140 inimicos
671 3080 726 3139 sub
746 3080 811 3158 ejus
830 3078 959 3139 oriminis
981 3076 1095 3139 invidia

139 3176 378 3247 damnaverunt,
424 3175 486 3236 Ad·
501 3175 586 3237 mille
608 3182 764 3236 senoentos
782 3194 901 3235 suarum
923 3176 1092 3257 quemque³
1106 3181 1177 3261 ⁰¹⁰⁸:

139 3274 259 3334 urbium
271 3273 417 3354 principes
434 3292 472 3333 ea
484 3274 576 3355 pestis
587 3273 746 3333 absumsit:
767 3292 891 3353 quorum
909 3282 1093 3334 sooumtores
1105 3246 1212 3312 ΛΡΜ·

139 3371 233 3452 paulo
252 3380 320 3452 post
335 3371 443 3452 partim
463 3390 484 3429 a
502 3368 591 3451 Sylla
609 3370 814 3451 eomprehensi
838 3390 939 3450 poeuas
959 3370 1092 3431 luerunt:

139 3468 194 3529 alii
216 3486 272 3528 sua
290 3488 380 3528 manu
403 3476 606 3548 prevenerunt
625 3466 763 3548 supplicii
782 3466 965 3529 foeditatem:
986 3468 1093 3547 reliqui

139 3565 278 3625 omnibus
297 3564 402 3636 exosi,
436 3584 504 3625 oum
533 3564 615 3625 domi
641 3572 792 3645 sperarent
820 3565 895 3625 nihil
925 3566 1092 3639 tolerabile,

140 3660 353 3722 Mithridatem
365 3662 396 3721 iu
409 3661 544 3723 Pontum
556 3661 748 3741 refugientem
759 3663 854 3723 secuti
867 3672 945 3723 suut.

180 3766 232 3819 60.
262 3756 326 3819 His
345 3757 523 3819 tumultibus
540 3767 572 3819 et
591 3760 707 3839 gemina
727 3779 846 3821 surorum
864 3760 952 3822 olade
974 3760 1092 3821 territus
1104 3760 1177 3840 0¹⁰¹:

141 3853 346 3928 Mithridates,
363 3856 481 3939 scripsit
490 3854 655 3929 Archelao,
674 3865 738 3931 ‘ut,
759 3858 866 3938 quibus
879 3866 977 3940 posset
988 3856 1091 3918 oondi·
1103 3825 1230 3943 ἪἛ,

138 3953 284 4025 tionibus,
295 3953 411 4013 bellum
422 3953 591 4015 desineret?
632 3954 703 4028 llle,
722 3956 812 4017 misso
829 3955 868 4016 ad
887 3956 1005 4037 Syllam
1026 3954 1090 4016 De·
1102 3964 1165 4006 Νη·

139 4047 219 4111 liaoo
230 4052 424 4130 negotiatore,
444 4051 494 4111 oui
515 4060 549 4112 et
566 4048 623 4133 ipsi
643 4071 748 4113 nomen
769 4051 925 4113 Archelao
941 4059 1015 4124 erat,
1029 4018 1238 4113 ool-P¹⁰¹‘⁵7u‘

138 4144 273 4225 loquium
286 4147 323 4207 iis
334 4145 373 4207 do
385 4148 473 4207 robus
485 4146 655 4227 postulavit
686 4148 758 4228 Egit
770 4148 897 4209 t'ortunm
907 4168 968 4209 sue
981 4150 1091 4228 gratias

140 4240 240 4325 Sylla,
253 4262 322 4327 qum
333 4245 494 4325 ancipitem
507 4244 598 4305 animi
610 4266 717 4326 magno
729 4246 834 4307 iterum
853 4256 925 4308 estu
941 4247 1089 4307 liberaret.

385 4448 402 4497 s
418 4444 616 4512 omrem
626 4444 687 4499 eno.
699 4451 759 4499 oie
769 4426 850 4500 cmi
