<?xml version="1.0" encoding="UTF-8"?>
<!DOCTYPE html PUBLIC "-//W3C//DTD XHTML 1.0 Transitional//EN"
    "http://www.w3.org/TR/xhtml1/DTD/xhtml1-transitional.dtd">
<html xmlns="http://www.w3.org/1999/xhtml" xml:lang="en" lang="en">
 <head>
  <title>
</title>
<meta http-equiv="Content-Type" content="text/html;charset=utf-8" />
  <meta name='ocr-system' content='tesseract 3.04.00' />
  <meta name='ocr-capabilities' content='ocr_page ocr_carea ocr_par ocr_line ocrx_word'/>
</head>
<body>
  <div class='ocr_page' id='page_1' title='image "./tliviipatavinih01rupegoog_0327.png"; bbox 0 0 3300 5225; ppageno 0'>
   <div class='ocr_carea' id='block_1_1' title="bbox 405 563 1253 634">
    <p class='ocr_par' dir='ltr' id='par_1_1' title="bbox 405 563 1253 634">
     <span class='ocr_line' id='line_1_1' title="bbox 405 563 1253 634; baseline 0.005 -4"><span class='ocrx_word' id='word_1_1' title='bbox 405 579 510 630; x_wconf 75' lang='lat' dir='ltr'><strong>urunt</strong></span> <span class='ocrx_word' id='word_1_2' title='bbox 536 577 632 630; x_wconf 86' lang='lat' dir='ltr'><strong>xorr.</strong></span> <span class='ocrx_word' id='word_1_3' title='bbox 656 577 982 632; x_wconf 80' lang='lat' dir='ltr'><strong>surrnurruurorr.</strong></span> <span class='ocrx_word' id='word_1_4' title='bbox 1163 563 1253 634; x_wconf 72' lang='grc'><strong>4756</strong></span> 
     </span>
    </p>
   </div>
   <div class='ocr_carea' id='block_1_2' title="bbox 124 719 1354 3426">
    <p class='ocr_par' dir='ltr' id='par_1_2' title="bbox 137 719 1167 902">
     <span class='ocr_line' id='line_1_2' title="bbox 137 719 1167 805; baseline 0.001 -19"><span class='ocrx_word' id='word_1_5' title='bbox 137 733 170 786; x_wconf 86' lang='lat' dir='ltr'><strong>ct</strong></span> <span class='ocrx_word' id='word_1_6' title='bbox 184 722 315 784; x_wconf 78' lang='lat' dir='ltr'><strong>ferarum</strong></span> <span class='ocrx_word' id='word_1_7' title='bbox 334 719 485 803; x_wconf 79' lang='lat' dir='ltr'><strong>incognite</strong></span> <span class='ocrx_word' id='word_1_8' title='bbox 504 731 573 784; x_wconf 85' lang='lat' dir='ltr'><strong>suta</strong></span> <span class='ocrx_word' id='word_1_9' title='bbox 591 741 710 802; x_wconf 73' lang='lat' dir='ltr'><strong>geuene,</strong></span> <span class='ocrx_word' id='word_1_10' title='bbox 731 723 807 786; x_wconf 89' lang='lat' dir='ltr'><strong>inter</strong></span> <span class='ocrx_word' id='word_1_11' title='bbox 824 741 979 805; x_wconf 82' lang='lat' dir='ltr'><strong>puerorum</strong></span> <span class='ocrx_word' id='word_1_12' title='bbox 997 721 1087 804; x_wconf 73' lang='lat' dir='ltr'><strong>virgi·</strong></span> <span class='ocrx_word' id='word_1_13' title='bbox 1100 733 1167 788; x_wconf 73' lang='lat' dir='ltr'><strong>ene</strong></span> 
     </span>
     <span class='ocr_line' id='line_1_3' title="bbox 138 819 1088 902; baseline 0 -22"><span class='ocrx_word' id='word_1_14' title='bbox 138 839 269 901; x_wconf 90' lang='lat' dir='ltr'><strong>numque</strong></span> <span class='ocrx_word' id='word_1_15' title='bbox 304 819 421 890; x_wconf 86' lang='lat' dir='ltr'><strong>choros,</strong></span> <span class='ocrx_word' id='word_1_16' title='bbox 460 819 696 902; x_wconf 87' lang='lat' dir='ltr'><strong>apponebeutur,</strong></span> <span class='ocrx_word' id='word_1_17' title='bbox 727 821 854 901; x_wconf 81' lang='lat' dir='ltr'><strong>hymnos</strong></span> <span class='ocrx_word' id='word_1_18' title='bbox 880 820 1088 893; x_wconf 83' lang='lat' dir='ltr'><strong>occinentium,</strong></span> 
     </span>
    </p>

    <p class='ocr_par' dir='ltr' id='par_1_3' title="bbox 136 915 1252 1194">
     <span class='ocr_line' id='line_1_4' title="bbox 136 915 1227 1000; baseline 0.005 -23"><span class='ocrx_word' id='word_1_19' title='bbox 136 917 248 1000; x_wconf 89' lang='lat' dir='ltr'><strong>quibos</strong></span> <span class='ocrx_word' id='word_1_20' title='bbox 258 919 324 996; x_wconf 92' lang='lat' dir='ltr'><strong>ejus</strong></span> <span class='ocrx_word' id='word_1_21' title='bbox 334 915 468 978; x_wconf 75' lang='lat' dir='ltr'><strong>victoriae</strong></span> <span class='ocrx_word' id='word_1_22' title='bbox 485 916 717 978; x_wconf 71' lang='lat' dir='ltr'><strong>celebrarentur.</strong></span> <span class='ocrx_word' id='word_1_23' title='bbox 758 915 844 978; x_wconf 82' lang='lat' dir='ltr'><strong>Nam</strong></span> <span class='ocrx_word' id='word_1_24' title='bbox 862 916 938 978; x_wconf 84' lang='lat' dir='ltr'><strong>odeo</strong></span> <span class='ocrx_word' id='word_1_25' title='bbox 950 916 1090 978; x_wconf 89' lang='lat' dir='ltr'><strong>leudibus</strong></span> <span class='ocrx_word' id='word_1_26' title='bbox 1117 915 1173 968; x_wconf 82' lang='lat' dir='ltr'><strong>cic.</strong></span> <span class='ocrx_word' id='word_1_27' title='bbox 1183 930 1227 982; x_wconf 61' lang='lat' dir='ltr'><strong>lm</strong></span> 
     </span>
     <span class='ocr_line' id='line_1_5' title="bbox 136 983 1252 1096; baseline 0 -22"><span class='ocrx_word' id='word_1_28' title='bbox 136 1014 199 1074; x_wconf 87' lang='lat' dir='ltr'><strong>suis</strong></span> <span class='ocrx_word' id='word_1_29' title='bbox 210 1013 425 1085; x_wconf 81' lang='lat' dir='ltr'><strong>delectabetnr,</strong></span> <span class='ocrx_word' id='word_1_30' title='bbox 439 1020 473 1073; x_wconf 87' lang='lat' dir='ltr'><strong>ut</strong></span> <span class='ocrx_word' id='word_1_31' title='bbox 489 1013 580 1074; x_wconf 88' lang='lat' dir='ltr'><strong>etiam</strong></span> <span class='ocrx_word' id='word_1_32' title='bbox 600 1011 843 1074; x_wconf 79' lang='lat' dir='ltr'><strong>cordubensibus</strong></span> <span class='ocrx_word' id='word_1_33' title='bbox 859 1013 966 1094; x_wconf 67' lang='lat' dir='ltr'><strong>poetis,</strong></span> <span class='ocrx_word' id='word_1_34' title='bbox 980 1013 1089 1096; x_wconf 73' lang='lat' dir='ltr'><strong>pingue</strong></span> <span class='ocrx_word' id='word_1_35' title='bbox 1102 983 1252 1033; x_wconf 53' lang='lat' dir='ltr'><strong>*mm</strong></span> 
     </span>
     <span class='ocr_line' id='line_1_6' title="bbox 137 1110 1088 1194; baseline 0 -22"><span class='ocrx_word' id='word_1_36' title='bbox 137 1111 282 1192; x_wconf 76' lang='lat' dir='ltr'><strong>quiddam</strong></span> <span class='ocrx_word' id='word_1_37' title='bbox 307 1120 397 1191; x_wconf 87' lang='lat' dir='ltr'><strong>atque</strong></span> <span class='ocrx_word' id='word_1_38' title='bbox 425 1111 609 1194; x_wconf 74' lang='lat' dir='ltr'><strong>peregrinum</strong></span> <span class='ocrx_word' id='word_1_39' title='bbox 634 1111 816 1182; x_wconf 82' lang='lat' dir='ltr'><strong>sonantibus,</strong></span> <span class='ocrx_word' id='word_1_40' title='bbox 843 1129 929 1172; x_wconf 86' lang='lat' dir='ltr'><strong>eures</strong></span> <span class='ocrx_word' id='word_1_41' title='bbox 947 1129 1017 1172; x_wconf 90' lang='lat' dir='ltr'><strong>suns</strong></span> <span class='ocrx_word' id='word_1_42' title='bbox 1034 1110 1088 1172; x_wconf 88' lang='lat' dir='ltr'><strong>de·</strong></span> 
     </span>
    </p>

    <p class='ocr_par' dir='ltr' id='par_1_4' title="bbox 136 1207 233 1268">
     <span class='ocr_line' id='line_1_7' title="bbox 136 1207 233 1268; baseline 0 0"><span class='ocrx_word' id='word_1_43' title='bbox 136 1207 233 1268; x_wconf 89' lang='lat' dir='ltr'><strong>deret.</strong></span> 
     </span>
    </p>

    <p class='ocr_par' dir='ltr' id='par_1_5' title="bbox 134 1301 1167 1872">
     <span class='ocr_line' id='line_1_8' title="bbox 180 1301 1167 1385; baseline -0.006 -21"><span class='ocrx_word' id='word_1_44' title='bbox 180 1311 230 1364; x_wconf 77' lang='lat'><strong>15.</strong></span> <span class='ocrx_word' id='word_1_45' title='bbox 252 1303 296 1365; x_wconf 88' lang='lat' dir='ltr'><strong>Et</strong></span> <span class='ocrx_word' id='word_1_46' title='bbox 307 1305 373 1366; x_wconf 82' lang='lat' dir='ltr'><strong>lrsec</strong></span> <span class='ocrx_word' id='word_1_47' title='bbox 385 1303 528 1376; x_wconf 75' lang='lat' dir='ltr'><strong>faciebat,</strong></span> <span class='ocrx_word' id='word_1_48' title='bbox 541 1305 613 1385; x_wconf 86' lang='lat' dir='ltr'><strong>quie</strong></span> <span class='ocrx_word' id='word_1_49' title='bbox 629 1302 790 1366; x_wconf 87' lang='lat' dir='ltr'><strong>Sertorium</strong></span> <span class='ocrx_word' id='word_1_50' title='bbox 811 1301 1023 1384; x_wconf 76' lang='lat' dir='ltr'><strong>propemodum</strong></span> <span class='ocrx_word' id='word_1_51' title='bbox 1035 1323 1088 1364; x_wconf 84' lang='lat' dir='ltr'><strong>ro-</strong></span> <span class='ocrx_word' id='word_1_52' title='bbox 1100 1308 1167 1358; x_wconf 76' lang='lat' dir='ltr'><strong>Plus.</strong></span> 
     </span>
     <span class='ocr_line' id='line_1_9' title="bbox 135 1399 1138 1482; baseline 0.002 -22"><span class='ocrx_word' id='word_1_53' title='bbox 135 1399 254 1462; x_wconf 90' lang='lat' dir='ltr'><strong>luntate</strong></span> <span class='ocrx_word' id='word_1_54' title='bbox 276 1400 429 1462; x_wconf 85' lang='lat' dir='ltr'><strong>cedentem</strong></span> <span class='ocrx_word' id='word_1_55' title='bbox 453 1399 620 1482; x_wconf 78' lang='lat' dir='ltr'><strong>repulerat:</strong></span> <span class='ocrx_word' id='word_1_56' title='bbox 641 1420 797 1462; x_wconf 90' lang='lat' dir='ltr'><strong>cumeum</strong></span> <span class='ocrx_word' id='word_1_57' title='bbox 819 1400 1002 1461; x_wconf 88' lang='lat' dir='ltr'><strong>sermonibus</strong></span> <span class='ocrx_word' id='word_1_58' title='bbox 1017 1421 1090 1462; x_wconf 89' lang='lat' dir='ltr'><strong>con-</strong></span> <span class='ocrx_word' id='word_1_59' title='bbox 1135 1457 1138 1462; x_wconf 89' lang='lat'><em>.</em></span> 
     </span>
     <span class='ocr_line' id='line_1_10' title="bbox 136 1497 1090 1579; baseline 0.003 -22"><span class='ocrx_word' id='word_1_60' title='bbox 136 1505 293 1570; x_wconf 88' lang='lat' dir='ltr'><strong>temneret,</strong></span> <span class='ocrx_word' id='word_1_61' title='bbox 314 1507 324 1534; x_wconf 91' lang='lat'>‘</span> <span class='ocrx_word' id='word_1_62' title='bbox 340 1497 435 1579; x_wconf 78' lang='lat' dir='ltr'><strong>Syllae</strong></span> <span class='ocrx_word' id='word_1_63' title='bbox 455 1498 623 1578; x_wconf 78' lang='lat' dir='ltr'><strong>fugitivum,</strong></span> <span class='ocrx_word' id='word_1_64' title='bbox 643 1507 675 1559; x_wconf 88' lang='lat' dir='ltr'><strong>et</strong></span> <span class='ocrx_word' id='word_1_65' title='bbox 691 1497 947 1560; x_wconf 78' lang='lat' dir='ltr'><strong>Carbonianomm</strong></span> <span class='ocrx_word' id='word_1_66' title='bbox 967 1499 1090 1560; x_wconf 84' lang='lat' dir='ltr'><strong>exulum</strong></span> 
     </span>
     <span class='ocr_line' id='line_1_11' title="bbox 136 1593 1091 1676; baseline 0.004 -23"><span class='ocrx_word' id='word_1_67' title='bbox 136 1594 294 1674; x_wconf 86' lang='lat' dir='ltr'><strong>reliquiss&#39;</strong></span> <span class='ocrx_word' id='word_1_68' title='bbox 306 1593 496 1676; x_wconf 82' lang='lat' dir='ltr'><strong>appellando.</strong></span> <span class='ocrx_word' id='word_1_69' title='bbox 539 1593 601 1656; x_wconf 84' lang='lat' dir='ltr'><strong>Sed</strong></span> <span class='ocrx_word' id='word_1_70' title='bbox 614 1594 692 1655; x_wconf 88' lang='lat' dir='ltr'><strong>idem</strong></span> <span class='ocrx_word' id='word_1_71' title='bbox 706 1596 737 1656; x_wconf 91' lang='lat' dir='ltr'><strong>in</strong></span> <span class='ocrx_word' id='word_1_72' title='bbox 751 1604 844 1676; x_wconf 85' lang='lat' dir='ltr'><strong>caput</strong></span> <span class='ocrx_word' id='word_1_73' title='bbox 856 1595 922 1674; x_wconf 89' lang='lat' dir='ltr'><strong>ejus</strong></span> <span class='ocrx_word' id='word_1_74' title='bbox 936 1604 1041 1676; x_wconf 86' lang='lat' dir='ltr'><strong>quater</strong></span> <span class='ocrx_word' id='word_1_75' title='bbox 1058 1605 1091 1657; x_wconf 92' lang='lat' dir='ltr'><strong>et</strong></span> 
     </span>
     <span class='ocr_line' id='line_1_12' title="bbox 135 1690 1090 1774; baseline 0.007 -26"><span class='ocrx_word' id='word_1_76' title='bbox 135 1690 249 1752; x_wconf 69' lang='lat' dir='ltr'><strong>vicies⁸</strong></span> <span class='ocrx_word' id='word_1_77' title='bbox 262 1693 442 1774; x_wconf 88' lang='lat' dir='ltr'><strong>pronuntiari</strong></span> <span class='ocrx_word' id='word_1_78' title='bbox 453 1695 596 1773; x_wconf 82' lang='lat' dir='ltr'><strong>jusserat,</strong></span> <span class='ocrx_word' id='word_1_79' title='bbox 609 1693 634 1752; x_wconf 91' lang='lat' dir='ltr'><strong>si</strong></span> <span class='ocrx_word' id='word_1_80' title='bbox 647 1693 743 1754; x_wconf 82' lang='lat' dir='ltr'><strong>eciue</strong></span> <span class='ocrx_word' id='word_1_81' title='bbox 757 1691 900 1754; x_wconf 85' lang='lat' dir='ltr'><strong>Romano</strong></span> <span class='ocrx_word' id='word_1_82' title='bbox 911 1691 1090 1754; x_wconf 82' lang='lat' dir='ltr'><strong>interficere-</strong></span> 
     </span>
     <span class='ocr_line' id='line_1_13' title="bbox 134 1789 781 1872; baseline 0.008 -25"><span class='ocrx_word' id='word_1_83' title='bbox 134 1795 204 1858; x_wconf 80' lang='lat' dir='ltr'><strong>tur3</strong></span> <span class='ocrx_word' id='word_1_84' title='bbox 225 1789 251 1849; x_wconf 91' lang='lat' dir='ltr'><strong>si</strong></span> <span class='ocrx_word' id='word_1_85' title='bbox 271 1790 310 1851; x_wconf 88' lang='lat' dir='ltr'><strong>eb</strong></span> <span class='ocrx_word' id='word_1_86' title='bbox 329 1789 431 1862; x_wconf 82' lang='lat' dir='ltr'><strong>exule,</strong></span> <span class='ocrx_word' id='word_1_87' title='bbox 449 1789 577 1851; x_wconf 90' lang='lat' dir='ltr'><strong>reditum</strong></span> <span class='ocrx_word' id='word_1_88' title='bbox 596 1791 627 1851; x_wconf 86' lang='lat' dir='ltr'><strong>in</strong></span> <span class='ocrx_word' id='word_1_89' title='bbox 645 1791 781 1872; x_wconf 83' lang='lat' dir='ltr'><strong>petriam.</strong></span> 
     </span>
    </p>

    <p class='ocr_par' dir='ltr' id='par_1_6' title="bbox 124 1886 1354 3426">
     <span class='ocr_line' id='line_1_14' title="bbox 178 1886 1088 1952; baseline 0.004 -5"><span class='ocrx_word' id='word_1_90' title='bbox 178 1893 230 1948; x_wconf 84' lang='lat' dir='ltr'><strong>lc.</strong></span> <span class='ocrx_word' id='word_1_91' title='bbox 252 1886 336 1949; x_wconf 87' lang='lat' dir='ltr'><strong>Inter</strong></span> <span class='ocrx_word' id='word_1_92' title='bbox 355 1887 419 1950; x_wconf 82' lang='lat' dir='ltr'><strong>btec</strong></span> <span class='ocrx_word' id='word_1_93' title='bbox 439 1887 474 1948; x_wconf 83' lang='lat' dir='ltr'><strong>L.</strong></span> <span class='ocrx_word' id='word_1_94' title='bbox 489 1887 637 1950; x_wconf 84' lang='lat' dir='ltr'><strong>Ooteuius</strong></span> <span class='ocrx_word' id='word_1_95' title='bbox 654 1887 713 1949; x_wconf 82' lang='lat' dir='ltr'><strong>Gn.</strong></span> <span class='ocrx_word' id='word_1_96' title='bbox 732 1887 769 1952; x_wconf 85' lang='lat' dir='ltr'><strong>F.</strong></span> <span class='ocrx_word' id='word_1_97' title='bbox 784 1887 844 1948; x_wconf 84' lang='lat' dir='ltr'><strong>Gn.</strong></span> <span class='ocrx_word' id='word_1_98' title='bbox 861 1887 921 1949; x_wconf 80' lang='lat' dir='ltr'><strong>N.³</strong></span> <span class='ocrx_word' id='word_1_99' title='bbox 936 1888 974 1951; x_wconf 80' lang='lat' dir='ltr'><strong>O.</strong></span> <span class='ocrx_word' id='word_1_100' title='bbox 989 1887 1088 1951; x_wconf 88' lang='lat' dir='ltr'><strong>Aure·</strong></span> 
     </span>
     <span class='ocr_line' id='line_1_15' title="bbox 136 1983 1251 2064; baseline 0.003 -20"><span class='ocrx_word' id='word_1_101' title='bbox 136 1983 196 2046; x_wconf 89' lang='lat' dir='ltr'><strong>lius</strong></span> <span class='ocrx_word' id='word_1_102' title='bbox 208 1983 302 2046; x_wconf 78' lang='lat' dir='ltr'><strong>Cotta</strong></span> <span class='ocrx_word' id='word_1_103' title='bbox 318 1985 502 2048; x_wconf 80' lang='lat' dir='ltr'><strong>consulatum</strong></span> <span class='ocrx_word' id='word_1_104' title='bbox 521 1985 675 2047; x_wconf 62' lang='lat' dir='ltr'><strong>inierant!</strong></span> <span class='ocrx_word' id='word_1_105' title='bbox 716 1986 788 2053; x_wconf 83' lang='lat' dir='ltr'><strong>Quo</strong></span> <span class='ocrx_word' id='word_1_106' title='bbox 810 2005 890 2046; x_wconf 84' lang='lat' dir='ltr'><strong>enno</strong></span> <span class='ocrx_word' id='word_1_107' title='bbox 907 1985 946 2048; x_wconf 82' lang='lat' dir='ltr'><strong>C.</strong></span> <span class='ocrx_word' id='word_1_108' title='bbox 967 1985 1086 2048; x_wconf 85' lang='lat' dir='ltr'><strong>Scribo-</strong></span> <span class='ocrx_word' id='word_1_109' title='bbox 1101 1997 1202 2064; x_wconf 68' lang='lat' dir='ltr'><strong>Eunop.</strong></span> <span class='ocrx_word' id='word_1_110' title='bbox 1213 2012 1251 2048; x_wconf 80' lang='lat' dir='ltr'><strong>vr.</strong></span> 
     </span>
     <span class='ocr_line' id='line_1_16' title="bbox 135 2080 1241 2164; baseline 0.006 -23"><span class='ocrx_word' id='word_1_111' title='bbox 135 2081 204 2142; x_wconf 89' lang='lat' dir='ltr'><strong>nius</strong></span> <span class='ocrx_word' id='word_1_112' title='bbox 218 2080 313 2143; x_wconf 81' lang='lat' dir='ltr'><strong>Curio</strong></span> <span class='ocrx_word' id='word_1_113' title='bbox 326 2083 517 2144; x_wconf 79' lang='lat' dir='ltr'><strong>Macedoniae</strong></span> <span class='ocrx_word' id='word_1_114' title='bbox 530 2081 699 2164; x_wconf 89' lang='lat' dir='ltr'><strong>proconsul,</strong></span> <span class='ocrx_word' id='word_1_115' title='bbox 714 2083 766 2164; x_wconf 91' lang='lat' dir='ltr'><strong>qui</strong></span> <span class='ocrx_word' id='word_1_116' title='bbox 779 2081 887 2164; x_wconf 85' lang='lat' dir='ltr'><strong>Appio</strong></span> <span class='ocrx_word' id='word_1_117' title='bbox 897 2094 1088 2157; x_wconf 72' lang='lat' dir='ltr'><strong>succenseat,</strong></span> <span class='ocrx_word' id='word_1_118' title='bbox 1237 2151 1241 2158; x_wconf 67' lang='grc'><strong>,</strong></span> 
     </span>
     <span class='ocr_line' id='line_1_17' title="bbox 133 2178 1173 2263; baseline -0.001 -25"><span class='ocrx_word' id='word_1_119' title='bbox 133 2179 262 2251; x_wconf 82' lang='lat' dir='ltr'><strong>omissis,</strong></span> <span class='ocrx_word' id='word_1_120' title='bbox 277 2199 352 2260; x_wconf 85' lang='lat' dir='ltr'><strong>ques</strong></span> <span class='ocrx_word' id='word_1_121' title='bbox 364 2181 415 2240; x_wconf 93' lang='lat' dir='ltr'><strong>ille</strong></span> <span class='ocrx_word' id='word_1_122' title='bbox 429 2181 605 2253; x_wconf 84' lang='lat' dir='ltr'><strong>irritaveret,</strong></span> <span class='ocrx_word' id='word_1_123' title='bbox 623 2181 772 2260; x_wconf 77' lang='lat' dir='ltr'><strong>gentibus,</strong></span> <span class='ocrx_word' id='word_1_124' title='bbox 785 2180 816 2240; x_wconf 89' lang='lat' dir='ltr'><strong>in</strong></span> <span class='ocrx_word' id='word_1_125' title='bbox 829 2178 987 2242; x_wconf 83' lang='lat' dir='ltr'><strong>Dardania</strong></span> <span class='ocrx_word' id='word_1_126' title='bbox 1002 2201 1088 2263; x_wconf 83' lang='lat' dir='ltr'><strong>oepe-</strong></span> <span class='ocrx_word' id='word_1_127' title='bbox 1101 2187 1173 2238; x_wconf 79' lang='lat' dir='ltr'><strong>oros.</strong></span> 
     </span>
     <span class='ocr_line' id='line_1_18' title="bbox 134 2251 1252 2369; baseline 0.002 -32"><span class='ocrx_word' id='word_1_128' title='bbox 134 2295 203 2338; x_wconf 89' lang='lat' dir='ltr'><strong>rum</strong></span> <span class='ocrx_word' id='word_1_129' title='bbox 216 2277 327 2338; x_wconf 91' lang='lat' dir='ltr'><strong>bellum</strong></span> <span class='ocrx_word' id='word_1_130' title='bbox 339 2277 420 2339; x_wconf 83' lang='lat' dir='ltr'><strong>felici</strong></span> <span class='ocrx_word' id='word_1_131' title='bbox 433 2287 543 2342; x_wconf 82' lang='lat' dir='ltr'><strong>ereutu</strong></span> <span class='ocrx_word' id='word_1_132' title='bbox 560 2279 667 2358; x_wconf 63' lang='grc' dir='ltr'><strong>μιῆς</strong></span> <span class='ocrx_word' id='word_1_133' title='bbox 689 2286 730 2350; x_wconf 91' lang='lat' dir='ltr'><strong>et,</strong></span> <span class='ocrx_word' id='word_1_134' title='bbox 752 2277 868 2358; x_wconf 84' lang='lat' dir='ltr'><strong>aliquot</strong></span> <span class='ocrx_word' id='word_1_135' title='bbox 884 2279 1016 2339; x_wconf 86' lang='lat' dir='ltr'><strong>subactis</strong></span> <span class='ocrx_word' id='word_1_136' title='bbox 1035 2299 1089 2360; x_wconf 91' lang='lat' dir='ltr'><strong>po-</strong></span> <span class='ocrx_word' id='word_1_137' title='bbox 1101 2251 1252 2369; x_wconf 47' lang='lat' dir='ltr'><strong>lgaffit·</strong></span> 
     </span>
     <span class='ocr_line' id='line_1_19' title="bbox 134 2371 1354 2456; baseline -0.002 -22"><span class='ocrx_word' id='word_1_138' title='bbox 134 2371 228 2454; x_wconf 89' lang='lat' dir='ltr'><strong>pulis,</strong></span> <span class='ocrx_word' id='word_1_139' title='bbox 238 2373 408 2456; x_wconf 81' lang='lat' dir='ltr'><strong>mulctaque</strong></span> <span class='ocrx_word' id='word_1_140' title='bbox 416 2377 572 2456; x_wconf 87' lang='lat' dir='ltr'><strong>imperata,</strong></span> <span class='ocrx_word' id='word_1_141' title='bbox 583 2393 674 2456; x_wconf 83' lang='lat' dir='ltr'><strong>quam</strong></span> <span class='ocrx_word' id='word_1_142' title='bbox 683 2381 766 2436; x_wconf 90' lang='lat' dir='ltr'><strong>certo</strong></span> <span class='ocrx_word' id='word_1_143' title='bbox 776 2382 908 2454; x_wconf 90' lang='lat' dir='ltr'><strong>tempore</strong></span> <span class='ocrx_word' id='word_1_144' title='bbox 915 2373 1089 2456; x_wconf 87' lang='lat' dir='ltr'><strong>penderent,</strong></span> <span class='ocrx_word' id='word_1_145' title='bbox 1102 2398 1134 2433; x_wconf 86' lang='lat' dir='ltr'><strong>n.</strong></span> <span class='ocrx_word' id='word_1_146' title='bbox 1142 2386 1170 2434; x_wconf 83' lang='lat' dir='ltr'><strong>s.</strong></span> <span class='ocrx_word' id='word_1_147' title='bbox 1350 2376 1354 2386; x_wconf 91' lang='grc'><strong>’</strong></span> 
     </span>
     <span class='ocr_line' id='line_1_20' title="bbox 135 2468 1090 2551; baseline 0.003 -22"><span class='ocrx_word' id='word_1_148' title='bbox 135 2469 166 2529; x_wconf 82' lang='grc' dir='ltr'><strong>ἰιι</strong></span> <span class='ocrx_word' id='word_1_149' title='bbox 179 2470 323 2551; x_wconf 33' lang='lat' dir='ltr'><strong>‚hyberna</strong></span> <span class='ocrx_word' id='word_1_150' title='bbox 342 2480 561 2551; x_wconf 77' lang='lat' dir='ltr'><strong>regressusest.</strong></span> <span class='ocrx_word' id='word_1_151' title='bbox 603 2470 652 2532; x_wconf 85' lang='lat' dir='ltr'><strong>Ea</strong></span> <span class='ocrx_word' id='word_1_152' title='bbox 669 2477 731 2530; x_wconf 87' lang='lat' dir='ltr'><strong>tem</strong></span> <span class='ocrx_word' id='word_1_153' title='bbox 744 2468 936 2532; x_wconf 80' lang='lat' dir='ltr'><strong>formidolose</strong></span> <span class='ocrx_word' id='word_1_154' title='bbox 945 2469 1090 2534; x_wconf 85' lang='lat' dir='ltr'><strong>militibus</strong></span> 
     </span>
     <span class='ocr_line' id='line_1_21' title="bbox 133 2565 1200 2651; baseline 0.003 -24"><span class='ocrx_word' id='word_1_155' title='bbox 133 2565 294 2649; x_wconf 74' lang='lat' dir='ltr'><strong>expeditio</strong></span> <span class='ocrx_word' id='word_1_156' title='bbox 305 2566 373 2640; x_wconf 83' lang='lat' dir='ltr'><strong>luit,</strong></span> <span class='ocrx_word' id='word_1_157' title='bbox 391 2575 425 2630; x_wconf 87' lang='lat' dir='ltr'><strong>nt</strong></span> <span class='ocrx_word' id='word_1_158' title='bbox 442 2567 481 2629; x_wconf 90' lang='lat' dir='ltr'><strong>de</strong></span> <span class='ocrx_word' id='word_1_159' title='bbox 500 2568 631 2651; x_wconf 83' lang='lat' dir='ltr'><strong>quinque</strong></span> <span class='ocrx_word' id='word_1_160' title='bbox 650 2566 815 2647; x_wconf 77' lang='lat' dir='ltr'><strong>legionibus</strong></span> <span class='ocrx_word' id='word_1_161' title='bbox 832 2587 895 2629; x_wconf 87' lang='lat' dir='ltr'><strong>unu</strong></span> <span class='ocrx_word' id='word_1_162' title='bbox 911 2567 993 2629; x_wconf 87' lang='lat' dir='ltr'><strong>circa</strong></span> <span class='ocrx_word' id='word_1_163' title='bbox 1006 2566 1088 2650; x_wconf 77' lang='lat' dir='ltr'><strong>Dyr·</strong></span> <span class='ocrx_word' id='word_1_164' title='bbox 1116 2577 1200 2631; x_wconf 75' lang='lat' dir='ltr'><strong>rmus.</strong></span> 
     </span>
     <span class='ocr_line' id='line_1_22' title="bbox 133 2645 1251 2761; baseline 0.002 -36"><span class='ocrx_word' id='word_1_165' title='bbox 133 2664 292 2727; x_wconf 84' lang='lat' dir='ltr'><strong>rbsclriunr</strong></span> <span class='ocrx_word' id='word_1_166' title='bbox 304 2665 476 2745; x_wconf 76' lang='lat' dir='ltr'><strong>obsequium</strong></span> <span class='ocrx_word' id='word_1_167' title='bbox 488 2665 854 2736; x_wconf 53' lang='lat' dir='ltr'><strong>dedecoramentum</strong></span> <span class='ocrx_word' id='word_1_168' title='bbox 863 2684 895 2725; x_wconf 91' lang='lat' dir='ltr'><strong>se</strong></span> <span class='ocrx_word' id='word_1_169' title='bbox 903 2664 1089 2727; x_wconf 84' lang='lat' dir='ltr'><strong>temerarium</strong></span> <span class='ocrx_word' id='word_1_170' title='bbox 1100 2645 1171 2761; x_wconf 37' lang='lat'><strong>{5²</strong></span> <span class='ocrx_word' id='word_1_171' title='bbox 1179 2660 1217 2697; x_wconf 75' lang='lat'><strong>”⁶</strong></span> <span class='ocrx_word' id='word_1_172' title='bbox 1225 2648 1251 2696; x_wconf 85' lang='lat'><strong>¹·</strong></span> 
     </span>
     <span class='ocr_line' id='line_1_23' title="bbox 132 2760 1254 2841; baseline 0 -18"><span class='ocrx_word' id='word_1_173' title='bbox 132 2762 245 2824; x_wconf 90' lang='lat' dir='ltr'><strong>ducem</strong></span> <span class='ocrx_word' id='word_1_174' title='bbox 266 2763 297 2821; x_wconf 91' lang='lat' dir='ltr'><strong>in</strong></span> <span class='ocrx_word' id='word_1_175' title='bbox 314 2781 448 2841; x_wconf 84' lang='lat' dir='ltr'><strong>asperam</strong></span> <span class='ocrx_word' id='word_1_176' title='bbox 469 2771 501 2825; x_wconf 90' lang='lat' dir='ltr'><strong>et</strong></span> <span class='ocrx_word' id='word_1_177' title='bbox 520 2762 691 2826; x_wconf 84' lang='lat' dir='ltr'><strong>insidiosam</strong></span> <span class='ocrx_word' id='word_1_178' title='bbox 711 2760 849 2823; x_wconf 87' lang='lat' dir='ltr'><strong>militiam</strong></span> <span class='ocrx_word' id='word_1_179' title='bbox 865 2782 985 2841; x_wconf 72' lang='lat' dir='ltr'><strong>negans.</strong></span> <span class='ocrx_word' id='word_1_180' title='bbox 1027 2760 1089 2823; x_wconf 85' lang='lat' dir='ltr'><strong>Sed</strong></span> <span class='ocrx_word' id='word_1_181' title='bbox 1117 2772 1254 2824; x_wconf 70' lang='lat' dir='ltr'><strong>Humilis.</strong></span> 
     </span>
     <span class='ocr_line' id='line_1_24' title="bbox 132 2843 1234 2953; baseline 0.002 -32"><span class='ocrx_word' id='word_1_182' title='bbox 132 2860 199 2921; x_wconf 84' lang='lat' dir='ltr'><strong>du</strong></span> <span class='ocrx_word' id='word_1_183' title='bbox 213 2859 384 2931; x_wconf 79' lang='lat' dir='ltr'><strong>acerrimus,</strong></span> <span class='ocrx_word' id='word_1_184' title='bbox 396 2879 465 2921; x_wconf 87' lang='lat' dir='ltr'><strong>cum</strong></span> <span class='ocrx_word' id='word_1_185' title='bbox 487 2859 618 2942; x_wconf 81' lang='lat' dir='ltr'><strong>reliques</strong></span> <span class='ocrx_word' id='word_1_186' title='bbox 638 2858 769 2939; x_wconf 73' lang='lat' dir='ltr'><strong>legiones</strong></span> <span class='ocrx_word' id='word_1_187' title='bbox 789 2860 820 2919; x_wconf 82' lang='lat' dir='ltr'><strong>in</strong></span> <span class='ocrx_word' id='word_1_188' title='bbox 844 2860 933 2921; x_wconf 86' lang='lat' dir='ltr'><strong>ermis</strong></span> <span class='ocrx_word' id='word_1_189' title='bbox 954 2859 1089 2923; x_wconf 75' lang='lat' dir='ltr'><strong>mistero</strong></span> <span class='ocrx_word' id='word_1_190' title='bbox 1101 2843 1234 2953; x_wconf 50' lang='lat'><strong>{3¹2³</strong></span> 
     </span>
     <span class='ocr_line' id='line_1_25' title="bbox 127 2956 1090 3038; baseline 0 -19"><span class='ocrx_word' id='word_1_191' title='bbox 127 2957 282 3038; x_wconf 71' lang='lat' dir='ltr'><strong>justitiet,</strong></span> <span class='ocrx_word' id='word_1_192' title='bbox 302 2956 471 3019; x_wconf 78' lang='lat' dir='ltr'><strong>seditiosum</strong></span> <span class='ocrx_word' id='word_1_193' title='bbox 488 2956 634 3037; x_wconf 64' lang='lat' dir='ltr'><strong>legionem</strong></span> <span class='ocrx_word' id='word_1_194' title='bbox 655 2958 795 3018; x_wconf 89' lang='lat' dir='ltr'><strong>inermem</strong></span> <span class='ocrx_word' id='word_1_195' title='bbox 815 2956 988 3038; x_wconf 76' lang='lat' dir='ltr'><strong>procedere,</strong></span> <span class='ocrx_word' id='word_1_196' title='bbox 1004 2967 1038 3018; x_wconf 87' lang='lat' dir='ltr'><strong>et</strong></span> <span class='ocrx_word' id='word_1_197' title='bbox 1058 2959 1090 3019; x_wconf 92' lang='lat' dir='ltr'><strong>in</strong></span> 
     </span>
     <span class='ocr_line' id='line_1_26' title="bbox 131 3052 1090 3137; baseline 0.001 -22"><span class='ocrx_word' id='word_1_198' title='bbox 131 3066 299 3137; x_wconf 86' lang='lat' dir='ltr'><strong>conspectu</strong></span> <span class='ocrx_word' id='word_1_199' title='bbox 312 3056 418 3117; x_wconf 83' lang='lat' dir='ltr'><strong>armati</strong></span> <span class='ocrx_word' id='word_1_200' title='bbox 435 3055 585 3115; x_wconf 85' lang='lat' dir='ltr'><strong>exercitus</strong></span> <span class='ocrx_word' id='word_1_201' title='bbox 601 3052 788 3125; x_wconf 69' lang='lat' dir='ltr'><strong>discinctam</strong></span> <span class='ocrx_word' id='word_1_202' title='bbox 799 3062 963 3115; x_wconf 66' lang='lat' dir='ltr'><strong>momente</strong></span> <span class='ocrx_word' id='word_1_203' title='bbox 977 3074 1090 3127; x_wconf 71' lang='lat' dir='ltr'><strong>oecare,</strong></span> 
     </span>
     <span class='ocr_line' id='line_1_27' title="bbox 132 3148 1089 3232; baseline 0 -19"><span class='ocrx_word' id='word_1_204' title='bbox 132 3161 258 3232; x_wconf 83' lang='lat' dir='ltr'><strong>postero</strong></span> <span class='ocrx_word' id='word_1_205' title='bbox 269 3153 359 3213; x_wconf 86' lang='lat' dir='ltr'><strong>etiam</strong></span> <span class='ocrx_word' id='word_1_206' title='bbox 369 3150 418 3213; x_wconf 89' lang='lat' dir='ltr'><strong>die</strong></span> <span class='ocrx_word' id='word_1_207' title='bbox 430 3150 565 3213; x_wconf 85' lang='lat' dir='ltr'><strong>similiter</strong></span> <span class='ocrx_word' id='word_1_208' title='bbox 576 3149 685 3213; x_wconf 83' lang='lat' dir='ltr'><strong>iussam</strong></span> <span class='ocrx_word' id='word_1_209' title='bbox 698 3148 859 3212; x_wconf 85' lang='lat' dir='ltr'><strong>discinctos</strong></span> <span class='ocrx_word' id='word_1_210' title='bbox 868 3149 978 3211; x_wconf 83' lang='lat' dir='ltr'><strong>milites</strong></span> <span class='ocrx_word' id='word_1_211' title='bbox 989 3150 1089 3213; x_wconf 75' lang='lat' dir='ltr'><strong>lacere</strong></span> 
     </span>
     <span class='ocr_line' id='line_1_28' title="bbox 124 3245 1090 3329; baseline -0.001 -19"><span class='ocrx_word' id='word_1_212' title='bbox 124 3250 244 3327; x_wconf 68' lang='lat' dir='ltr'><strong>&#39;coegit</strong></span> <span class='ocrx_word' id='word_1_213' title='bbox 285 3248 391 3329; x_wconf 83' lang='lat' dir='ltr'><strong>Atque</strong></span> <span class='ocrx_word' id='word_1_214' title='bbox 409 3248 453 3309; x_wconf 86' lang='lat' dir='ltr'><strong>ite</strong></span> <span class='ocrx_word' id='word_1_215' title='bbox 472 3246 576 3309; x_wconf 90' lang='lat' dir='ltr'><strong>domiti</strong></span> <span class='ocrx_word' id='word_1_216' title='bbox 590 3266 659 3307; x_wconf 88' lang='lat' dir='ltr'><strong>cum</strong></span> <span class='ocrx_word' id='word_1_217' title='bbox 681 3245 791 3307; x_wconf 82' lang='lat' dir='ltr'><strong>infimis</strong></span> <span class='ocrx_word' id='word_1_218' title='bbox 807 3246 947 3328; x_wconf 89' lang='lat' dir='ltr'><strong>precibus</strong></span> <span class='ocrx_word' id='word_1_219' title='bbox 957 3246 1090 3309; x_wconf 87' lang='lat' dir='ltr'><strong>obtesta-</strong></span> 
     </span>
     <span class='ocr_line' id='line_1_29' title="bbox 132 3343 1090 3426; baseline -0.001 -20"><span class='ocrx_word' id='word_1_220' title='bbox 132 3355 249 3417; x_wconf 90' lang='lat' dir='ltr'><strong>rentur,</strong></span> <span class='ocrx_word' id='word_1_221' title='bbox 262 3346 396 3425; x_wconf 76' lang='lat' dir='ltr'><strong>nesigno</strong></span> <span class='ocrx_word' id='word_1_222' title='bbox 413 3344 537 3425; x_wconf 76' lang='lat' dir='ltr'><strong>legionis</strong></span> <span class='ocrx_word' id='word_1_223' title='bbox 548 3345 753 3416; x_wconf 79' lang='lat' dir='ltr'><strong>summitteret,</strong></span> <span class='ocrx_word' id='word_1_224' title='bbox 767 3364 934 3426; x_wconf 85' lang='lat' dir='ltr'><strong>nomenque</strong></span> <span class='ocrx_word' id='word_1_225' title='bbox 946 3343 1090 3417; x_wconf 85' lang='lat' dir='ltr'><strong>oboleret,</strong></span> 
     </span>
    </p>
   </div>
   <div class='ocr_carea' id='block_1_3' title="bbox 131 3439 1208 3718">
    <p class='ocr_par' dir='ltr' id='par_1_7' title="bbox 131 3439 1208 3718">
     <span class='ocr_line' id='line_1_30' title="bbox 132 3439 1088 3524; baseline -0.003 -20"><span class='ocrx_word' id='word_1_226' title='bbox 132 3443 293 3524; x_wconf 88' lang='lat' dir='ltr'><strong>nequitum</strong></span> <span class='ocrx_word' id='word_1_227' title='bbox 305 3450 352 3502; x_wconf 85' lang='lat' dir='ltr'><strong>est</strong></span> <span class='ocrx_word' id='word_1_228' title='bbox 363 3440 531 3523; x_wconf 70' lang='lat' dir='ltr'><strong>impetrari:</strong></span> <span class='ocrx_word' id='word_1_229' title='bbox 552 3440 642 3520; x_wconf 73' lang='lat' dir='ltr'><strong>siguis</strong></span> <span class='ocrx_word' id='word_1_230' title='bbox 654 3439 781 3501; x_wconf 87' lang='lat' dir='ltr'><strong>ademtis</strong></span> <span class='ocrx_word' id='word_1_231' title='bbox 796 3439 896 3504; x_wconf 86' lang='lat' dir='ltr'><strong>solute</strong></span> <span class='ocrx_word' id='word_1_232' title='bbox 907 3440 997 3521; x_wconf 77' lang='lat' dir='ltr'><strong>legio,</strong></span> <span class='ocrx_word' id='word_1_233' title='bbox 1009 3440 1088 3503; x_wconf 89' lang='lat' dir='ltr'><strong>mili-</strong></span> 
     </span>
     <span class='ocr_line' id='line_1_31' title="bbox 131 3536 986 3621; baseline 0 -22"><span class='ocrx_word' id='word_1_234' title='bbox 131 3550 242 3621; x_wconf 84' lang='lat' dir='ltr'><strong>tesque</strong></span> <span class='ocrx_word' id='word_1_235' title='bbox 257 3539 287 3598; x_wconf 91' lang='lat' dir='ltr'><strong>iu</strong></span> <span class='ocrx_word' id='word_1_236' title='bbox 307 3546 471 3599; x_wconf 88' lang='lat' dir='ltr'><strong>ceterarum</strong></span> <span class='ocrx_word' id='word_1_237' title='bbox 488 3536 725 3619; x_wconf 87' lang='lat' dir='ltr'><strong>supplementum</strong></span> <span class='ocrx_word' id='word_1_238' title='bbox 742 3536 893 3599; x_wconf 83' lang='lat' dir='ltr'><strong>distributi</strong></span> <span class='ocrx_word' id='word_1_239' title='bbox 909 3546 986 3599; x_wconf 72' lang='lat' dir='ltr'><strong>srrnt.</strong></span> 
     </span>
     <span class='ocr_line' id='line_1_32' title="bbox 176 3631 1208 3718; baseline -0.001 -20"><span class='ocrx_word' id='word_1_240' title='bbox 176 3642 230 3701; x_wconf 86' lang='grc'><strong>17.</strong></span> <span class='ocrx_word' id='word_1_241' title='bbox 253 3635 292 3697; x_wconf 92' lang='lat' dir='ltr'><strong>In</strong></span> <span class='ocrx_word' id='word_1_242' title='bbox 306 3634 460 3718; x_wconf 84' lang='lat' dir='ltr'><strong>Hispania</strong></span> <span class='ocrx_word' id='word_1_243' title='bbox 481 3634 524 3702; x_wconf 81' lang='lat' dir='ltr'><strong>Q.</strong></span> <span class='ocrx_word' id='word_1_244' title='bbox 539 3633 682 3695; x_wconf 85' lang='lat' dir='ltr'><strong>Metellus</strong></span> <span class='ocrx_word' id='word_1_245' title='bbox 696 3641 729 3694; x_wconf 90' lang='lat' dir='ltr'><strong>et</strong></span> <span class='ocrx_word' id='word_1_246' title='bbox 744 3632 802 3695; x_wconf 80' lang='lat' dir='ltr'><strong>Cn.</strong></span> <span class='ocrx_word' id='word_1_247' title='bbox 816 3633 982 3715; x_wconf 87' lang='lat' dir='ltr'><strong>Pompeius</strong></span> <span class='ocrx_word' id='word_1_248' title='bbox 995 3634 1088 3715; x_wconf 85' lang='lat' dir='ltr'><strong>impe·</strong></span> <span class='ocrx_word' id='word_1_249' title='bbox 1100 3631 1208 3698; x_wconf 60' lang='lat' dir='ltr'><strong>Arnim·</strong></span> 
     </span>
    </p>
   </div>
   <div class='ocr_carea' id='block_1_4' title="bbox 130 3728 1167 4107">
    <p class='ocr_par' dir='ltr' id='par_1_8' title="bbox 130 3728 1167 4107">
     <span class='ocr_line' id='line_1_33' title="bbox 132 3728 1089 3812; baseline -0.005 -16"><span class='ocrx_word' id='word_1_250' title='bbox 132 3740 249 3796; x_wconf 83' lang='lat' dir='ltr'><strong>ratores</strong></span> <span class='ocrx_word' id='word_1_251' title='bbox 269 3734 375 3793; x_wconf 87' lang='lat' dir='ltr'><strong>iterum</strong></span> <span class='ocrx_word' id='word_1_252' title='bbox 387 3753 407 3792; x_wconf 87' lang='lat' dir='ltr'><strong>a</strong></span> <span class='ocrx_word' id='word_1_253' title='bbox 426 3731 585 3812; x_wconf 72' lang='lat' dir='ltr'><strong>Pyrenaeis</strong></span> <span class='ocrx_word' id='word_1_254' title='bbox 606 3730 754 3791; x_wconf 88' lang='lat' dir='ltr'><strong>montibus</strong></span> <span class='ocrx_word' id='word_1_255' title='bbox 774 3729 814 3799; x_wconf 87' lang='lat' dir='ltr'><strong>ud</strong></span> <span class='ocrx_word' id='word_1_256' title='bbox 835 3729 946 3811; x_wconf 79' lang='lat' dir='ltr'><strong>flumen</strong></span> <span class='ocrx_word' id='word_1_257' title='bbox 967 3728 1089 3791; x_wconf 81' lang='lat' dir='ltr'><strong>[berum</strong></span> 
     </span>
     <span class='ocr_line' id='line_1_34' title="bbox 130 3825 1090 3909; baseline -0.008 -16"><span class='ocrx_word' id='word_1_258' title='bbox 130 3840 235 3893; x_wconf 83' lang='lat' dir='ltr'><strong>castre</strong></span> <span class='ocrx_word' id='word_1_259' title='bbox 255 3839 418 3893; x_wconf 75' lang='lat' dir='ltr'><strong>moverunt</strong></span> <span class='ocrx_word' id='word_1_260' title='bbox 461 3828 536 3889; x_wconf 90' lang='lat' dir='ltr'><strong>Hoc</strong></span> <span class='ocrx_word' id='word_1_261' title='bbox 554 3836 686 3909; x_wconf 87' lang='lat' dir='ltr'><strong>tempore</strong></span> <span class='ocrx_word' id='word_1_262' title='bbox 709 3846 778 3889; x_wconf 86' lang='lat' dir='ltr'><strong>cnm</strong></span> <span class='ocrx_word' id='word_1_263' title='bbox 795 3828 882 3889; x_wconf 90' lang='lat' dir='ltr'><strong>multi</strong></span> <span class='ocrx_word' id='word_1_264' title='bbox 902 3825 1027 3887; x_wconf 88' lang='lat' dir='ltr'><strong>subinde</strong></span> <span class='ocrx_word' id='word_1_265' title='bbox 1049 3825 1090 3886; x_wconf 87' lang='lat' dir='ltr'><strong>ad</strong></span> 
     </span>
     <span class='ocr_line' id='line_1_35' title="bbox 132 3922 1089 4007; baseline -0.003 -16"><span class='ocrx_word' id='word_1_266' title='bbox 132 3928 299 3991; x_wconf 86' lang='lat' dir='ltr'><strong>Metellum</strong></span> <span class='ocrx_word' id='word_1_267' title='bbox 321 3926 547 4007; x_wconf 75' lang='lat' dir='ltr'><strong>transfugerent,</strong></span> <span class='ocrx_word' id='word_1_268' title='bbox 560 3934 674 3987; x_wconf 66' lang='lat' dir='ltr'><strong>moure</strong></span> <span class='ocrx_word' id='word_1_269' title='bbox 692 3924 818 4006; x_wconf 86' lang='lat' dir='ltr'><strong>priorem</strong></span> <span class='ocrx_word' id='word_1_270' title='bbox 838 3922 1089 3988; x_wconf 72' lang='lat' dir='ltr'><strong>mansuetudinem</strong></span> 
     </span>
     <span class='ocr_line' id='line_1_36' title="bbox 130 4018 1167 4107; baseline -0.009 -18"><span class='ocrx_word' id='word_1_271' title='bbox 130 4026 286 4091; x_wconf 86' lang='lat' dir='ltr'><strong>Sertorius</strong></span> <span class='ocrx_word' id='word_1_272' title='bbox 311 4025 456 4107; x_wconf 79' lang='lat' dir='ltr'><strong>praecipiti</strong></span> <span class='ocrx_word' id='word_1_273' title='bbox 480 4023 520 4086; x_wconf 86' lang='lat' dir='ltr'><strong>ed</strong></span> <span class='ocrx_word' id='word_1_274' title='bbox 541 4040 643 4105; x_wconf 80' lang='lat' dir='ltr'><strong>ptenes</strong></span> <span class='ocrx_word' id='word_1_275' title='bbox 665 4020 819 4107; x_wconf 85' lang='lat' dir='ltr'><strong>iracundia</strong></span> <span class='ocrx_word' id='word_1_276' title='bbox 835 4022 937 4102; x_wconf 84' lang='lat' dir='ltr'><strong>ooepit,</strong></span> <span class='ocrx_word' id='word_1_277' title='bbox 956 4018 1090 4102; x_wconf 82' lang='lat' dir='ltr'><strong>plurimis</strong></span> <span class='ocrx_word' id='word_1_278' title='bbox 1100 4028 1167 4081; x_wconf 76' lang='lat' dir='ltr'><strong>Plus.</strong></span> 
     </span>
    </p>
   </div>
   <div class='ocr_carea' id='block_1_5' title="bbox 344 4185 857 4245">
    <p class='ocr_par' dir='ltr' id='par_1_9' title="bbox 344 4185 857 4245">
     <span class='ocr_line' id='line_1_37' title="bbox 344 4185 857 4245; baseline -0.012 0"><span class='ocrx_word' id='word_1_279' title='bbox 344 4216 348 4225; x_wconf 65' lang='lat'><strong><em>¹</em></strong></span> <span class='ocrx_word' id='word_1_280' title='bbox 365 4196 381 4245; x_wconf 84' lang='lat' dir='ltr'><strong>t</strong></span> <span class='ocrx_word' id='word_1_281' title='bbox 397 4190 433 4244; x_wconf 70' lang='grc' dir='ltr'><strong>τὸ</strong></span> <span class='ocrx_word' id='word_1_282' title='bbox 449 4191 496 4243; x_wconf 75' lang='lat' dir='ltr'><strong>Gn.</strong></span> <span class='ocrx_word' id='word_1_283' title='bbox 508 4190 545 4242; x_wconf 87' lang='lat' dir='ltr'><strong>N.</strong></span> <span class='ocrx_word' id='word_1_284' title='bbox 556 4188 617 4241; x_wconf 80' lang='lat' dir='ltr'><strong>edd.</strong></span> <span class='ocrx_word' id='word_1_285' title='bbox 628 4189 706 4243; x_wconf 78' lang='lat' dir='ltr'><strong>Cres.</strong></span> <span class='ocrx_word' id='word_1_286' title='bbox 716 4202 749 4240; x_wconf 82' lang='lat' dir='ltr'><strong>en</strong></span> <span class='ocrx_word' id='word_1_287' title='bbox 761 4185 857 4240; x_wconf 75' lang='lat' dir='ltr'><strong>soen.</strong></span> 
     </span>
    </p>
   </div>
   <div class='ocr_carea' id='block_1_6' title="bbox 537 4298 720 4325">
    <p class='ocr_par' dir='ltr' id='par_1_10' title="bbox 537 4298 720 4325">
     <span class='ocr_line' id='line_1_38' title="bbox 537 4298 720 4325; baseline -0.022 0"><span class='ocrx_word' id='word_1_288' title='bbox 537 4298 720 4325; x_wconf 63' lang='lat' dir='ltr'><strong>mnemon</strong></span> 
     </span>
    </p>
   </div>
   <div class='ocr_carea' id='block_1_7' title="bbox 129 4376 1091 4587">
    <p class='ocr_par' dir='ltr' id='par_1_11' title="bbox 129 4376 1091 4587">
     <span class='ocr_line' id='line_1_39' title="bbox 164 4376 1090 4452; baseline -0.009 -15"><span class='ocrx_word' id='word_1_289' title='bbox 164 4386 418 4452; x_wconf 65' lang='lat' dir='ltr'><strong>consumentu]</strong></span> <span class='ocrx_word' id='word_1_290' title='bbox 435 4386 539 4439; x_wconf 80' lang='lat' dir='ltr'><strong>Merces</strong></span> <span class='ocrx_word' id='word_1_291' title='bbox 555 4402 596 4438; x_wconf 79' lang='lat' dir='ltr'><strong>sr-</strong></span> <span class='ocrx_word' id='word_1_292' title='bbox 632 4376 1090 4443; x_wconf 75' lang='lat' dir='ltr'><strong>omittluFreiuslresnionondebult,</strong></span> 
     </span>
     <span class='ocr_line' id='line_1_40' title="bbox 132 4444 1091 4522; baseline -0.013 -15"><span class='ocrx_word' id='word_1_293' title='bbox 132 4460 210 4522; x_wconf 73' lang='lat' dir='ltr'><strong>genti</strong></span> <span class='ocrx_word' id='word_1_294' title='bbox 224 4460 356 4505; x_wconf 77' lang='lat' dir='ltr'><strong>nostrates</strong></span> <span class='ocrx_word' id='word_1_295' title='bbox 366 4456 442 4505; x_wconf 70' lang='grc'><strong>9777.</strong></span> <span class='ocrx_word' id='word_1_296' title='bbox 469 4452 552 4503; x_wconf 80' lang='lat' dir='ltr'><strong>Addit</strong></span> <span class='ocrx_word' id='word_1_297' title='bbox 563 4452 597 4503; x_wconf 81' lang='lat' dir='ltr'><strong>ud</strong></span> <span class='ocrx_word' id='word_1_298' title='bbox 634 4446 1008 4515; x_wconf 65' lang='lat' dir='ltr'><strong>vigintijugernmsgrlsnltlls.</strong></span> <span class='ocrx_word' id='word_1_299' title='bbox 1020 4444 1091 4495; x_wconf 80' lang='lat' dir='ltr'><strong>cm.</strong></span> 
     </span>
     <span class='ocr_line' id='line_1_41' title="bbox 129 4509 1031 4587; baseline -0.016 -14"><span class='ocrx_word' id='word_1_300' title='bbox 129 4524 203 4573; x_wconf 76' lang='lat' dir='ltr'><strong>benc</strong></span> <span class='ocrx_word' id='word_1_301' title='bbox 209 4520 348 4587; x_wconf 77' lang='lat' dir='ltr'><strong>pecuniam</strong></span> <span class='ocrx_word' id='word_1_302' title='bbox 355 4516 598 4586; x_wconf 78' lang='lat' dir='ltr'><strong>Plutsrcbus,quod</strong></span> <span class='ocrx_word' id='word_1_303' title='bbox 612 4527 616 4539; x_wconf 85' lang='grc'><em>’</em></span> <span class='ocrx_word' id='word_1_304' title='bbox 665 4516 681 4547; x_wconf 72' lang='grc'><strong>“</strong></span> <span class='ocrx_word' id='word_1_305' title='bbox 693 4516 726 4569; x_wconf 88' lang='grc' dir='ltr'><strong>Α.</strong></span> <span class='ocrx_word' id='word_1_306' title='bbox 737 4515 773 4567; x_wconf 85' lang='lat' dir='ltr'><strong>U.</strong></span> <span class='ocrx_word' id='word_1_307' title='bbox 785 4514 815 4565; x_wconf 87' lang='lat' dir='ltr'><strong>c.</strong></span> <span class='ocrx_word' id='word_1_308' title='bbox 826 4514 887 4564; x_wconf 75' lang='lat' dir='ltr'><strong>tm.</strong></span> <span class='ocrx_word' id='word_1_309' title='bbox 905 4509 938 4561; x_wconf 79' lang='grc' dir='ltr'><strong>Α.</strong></span> <span class='ocrx_word' id='word_1_310' title='bbox 948 4510 980 4563; x_wconf 84' lang='lat' dir='ltr'><strong>c·</strong></span> <span class='ocrx_word' id='word_1_311' title='bbox 990 4513 1031 4562; x_wconf 75' lang='lat' dir='ltr'><strong>tt.</strong></span> 
     </span>
    </p>
   </div>
   <div class='ocr_carea' id='block_1_8' title="bbox 0 0 1654 5225">
    <p class='ocr_par' dir='ltr' id='par_1_12' title="bbox 0 0 1654 5225">
     <span class='ocr_line' id='line_1_42' title="bbox 0 0 1654 5225; baseline 0 1"><span class='ocrx_word' id='word_1_312' title='bbox 0 0 1654 5225; x_wconf 95' lang='lat' dir='ltr'><strong> </strong></span> 
     </span>
    </p>
   </div>
  </div>
 </body>
</html>
