3300 5225
439 527 546 580 arani
571 530 683 582 xorx.
704 531 1059 587 suessanum·
1208 521 1298 590 4879

171 687 249 748 voce
266 669 360 745 edita,
379 669 554 771 ‘Narigere
574 695 724 754 necessum
736 696 819 748 esser
841 677 942 740 virere
958 698 1017 741 uon
1030 698 1131 742 necm-

172 771 261 830 sum!

215 874 266 928 33.
288 867 388 930 Tanto
405 869 500 948 major
518 889 556 930 ex
570 871 675 932 merito
688 873 784 952 gratia
796 871 877 954 apud
890 871 1032 954 populum
1050 873 1127 934 fuit:
1142 879 1297 947 Flet-Pomp.

173 984 273 1044 eoque
293 964 465 1026 adversatus
477 966 505 1025 ei
522 967 626 1026 consul
643 969 805 1047 graviorem
825 980 967 1050 expertus
979 981 1024 1030 est
1038 970 1132 1050 indig-

172 1061 325 1121 nationem
341 1062 500 1132 omnium;
533 1063 665 1146 nihilque
685 1067 806 1147 propius
827 1065 953 1140 facturn,
980 1087 1072 1147 quam
1098 1077 1202 1131 utDio.

174 1159 349 1236 magistratu
363 1157 557 1238 dejiceretur:
579 1181 705 1242 eamque
723 1163 753 1222 in
772 1184 834 1224 rem
851 1166 1048 1245 conscriptam
1062 1165 1130 1243 jam
1144 1179 1211 1228 Prot.

174 1256 358 1334 rogationem
383 1255 532 1318 Gabinius
557 1258 697 1320 habebat.
741 1259 813 1332 Sed,
838 1260 1015 1342 deprecante
1036 1261 1202 1326 Pom-Dio.

173 1353 257 1431 pelo,
279 1373 326 1412 res
343 1352 461 1412 omissa.
504 1352 569 1436 Ipsi
592 1355 734 1437 quicquid
755 1358 901 1430 voluerat,
925 1358 1131 1419 liberalissime
1199 1422 1202 1428 ,

168 1449 240 1528 jam
264 1450 354 1510 etiem
375 1450 415 1509 ab
435 1460 539 1512 senatu
567 1473 687 1535 quoque
714 1453 867 1516 decretum
890 1464 947 1528 est,
973 1464 1132 1536 postquam

174 1545 283 1606 frustm
295 1554 406 1606 etcum
419 1547 551 1630 periculo
563 1547 688 1611 formae
706 1552 868 1632 gratiasque
880 1552 1022 1651 Pompeii
1035 1572 1067 1612 se
1077 1552 1132 1612 ob·

175 1643 233 1702 niti
245 1645 400 1704 sentiebat.
439 1643 554 1731 Neque
564 1655 662 1706 tamen
677 1647 822 1709 retinendi
839 1639 1022 1730 conscriptas
1034 1649 1063 1708 in
1079 1648 1132 1709 Ci-

174 1740 277 1800 liciam
289 1739 421 1820 legiones
431 1749 576 1823 praetextu
589 1743 690 1804 consul
701 1746 835 1818 carebat,
849 1746 921 1826 quia
932 1745 1059 1806 colonia
1073 1745 1134 1806 La·
1161 1741 1297 1794 ⁸³20*

174 1838 258 1909 tinae,
272 1857 346 1919 quas
358 1837 439 1898 bello
451 1838 584 1900 Marsico
592 1839 650 1900 Cn.
662 1839 828 1922 Pompeius
839 1842 946 1921 Magni
960 1821 1160 1923 patertrans⁶
1161 1810 1277 1927 'gffi-
1269 1887 1297 1923 ι,

177 1933 301 1994 Padum
315 1932 490 2007 deduxerat,
506 1937 722 2016 instigantcC.
737 1937 868 2010 (lasere,
882 1937 1009 1999 consilia
1029 1936 1068 1998 de
1081 1959 1163 2051 pe·s
1146 1935 1198 1987 Pis.

176 2030 400 2092 tendaciritate
414 2031 555 2096 Romana
565 2035 721 2114 agitantes,
729 2036 925 2116 suspicionem
934 2056 1032 2096 rerum
1041 2001 1163 2098 nora·s

177 2148 243 2189 rum
257 2129 439 2192 exciverunt.

218 2231 269 2286 34.
289 2225 454 2308 Pompeius
467 2226 548 2289 haud
557 2227 669 2289 diutius
680 2249 770 2312 quam
783 2249 936 2291 necessum
945 2239 1012 2292 erat
1024 2229 1134 2292 Rome
1146 2263 1215 2316 pm

177 2331 319 2395 moratus,
344 2323 548 2398 Brundisium,
570 2327 621 2386 ubi
644 2325 768 2387 classem
792 2328 921 2408 opperiri
937 2329 1080 2406 jusserat,
1103 2336 1135 2388 et

178 2418 248 2481 inde
271 2440 371 2481 versus
393 2421 534 2483 orientem
547 2421 707 2503 „profectus
726 2431 781 2484 est.
832 2423 880 2484 At
901 2422 1018 2496 Rhodi,
1040 2444 1134 2505 quen-
1161 2459 1299 2512 mm·

178 2537 270 2596 quarn
289 2526 470 2600 properaret,
483 2519 638 2581 disserenti
656 2529 756 2580 tamen
777 2519 946 2583 Posidonio
963 2519 1047 2581 dedit
1063 2542 1134 2602 ope-
1146 2529 1243 2592 praa.

179 2635 253 2677 ram.
305 2614 424 2677 Deinde
447 2617 477 2677 in
504 2618 643 2678 Ciliciam
668 2617 829 2699 proiectus,
852 2618 964 2679 fontem
986 2627 1135 2699 caputque
1148 2623 1276 2676 macie.

180 2710 262 2785 belli,
284 2711 603 2795 undequinquagesimo
626 2714 675 2774 die
697 2735 788 2795 quam
812 2714 973 2775 Brundisio
995 2714 1135 2787 solverat,
1148 2738 1257 2805 Appia,

180 2807 348 2869 universam
370 2808 485 2889 redegit
506 2810 535 2870 in
558 2818 745 2891 potestatem.
787 2809 828 2872 Id
849 2810 925 2871 adeo
947 2820 1053 2891 preter
1073 2830 1136 2872 om-

179 2906 262 2977 nium
282 2920 315 2967 ct
335 2908 427 2989 ipsius
449 2928 567 2988 quoque
588 2908 756 2989 opinionem
776 2908 888 2968 lactum
909 2916 965 2981 est,
984 2916 1019 2967 ut
1038 2909 1137 2989 potius

172 3004 382 3083 xgravissimum
403 3007 445 3066 ibi
465 3005 578 3079 bellum
598 3027 667 3067 cum
683 3006 933 3081 exercitatissimis
949 3006 1024 3065 mari
1041 3006 1136 3066 homi-

179 3101 278 3175 nibus,
296 3112 328 3161 et
349 3102 465 3163 arcibus
482 3102 682 3164 munitissimis
705 3103 837 3163 futurum
856 3102 1026 3170 rideretur;
1053 3102 1136 3163 ideo-
1147 3102 1215 3155 Plus.

180 3218 239 3279 que
262 3200 388 3259 naribus
408 3219 448 3259 ex
468 3200 551 3260 omni
571 3219 692 3259 numero
715 3196 840 3259 delectis
861 3200 1029 3277 sexaginta,
1053 3218 1136 3277 mag-
1148 3167 1256 3235 ΛΡΜ·

180 3316 278 3379 noque
301 3316 448 3357 armorum
472 3306 563 3377 atque
588 3296 790 3357 machinarum
813 3305 958 3377 apparatu
981 3304 1047 3356 erat
1068 3315 1136 3376 pro·
1193 3320 1197 3327 ·

179 3393 286 3455 fectus.
328 3394 389 3454 Sed
410 3393 478 3454 duae
499 3395 683 3475 potissimum
705 3413 752 3453 res
771 3402 920 3453 maturam
942 3392 1023 3453 bello
1045 3392 1137 3453 linem

179 3491 344 3552 dederunt:
366 3490 471 3563 altera,
486 3500 578 3552 terror
590 3510 628 3549 ex
643 3488 846 3569 magnitudine
858 3488 998 3572 famaque
1011 3490 1136 3570 impera·
1149 3500 1208 3554 Dio.
1219 3499 1287 3553 Plut.

103 3610 107 3615 ’
180 3587 270 3657 ιοιὶι;
294 3587 400 3658 altera,
414 3606 481 3669 spes
493 3595 613 3668 propter
625 3585 830 3657 lenitudinem,
843 3604 933 3665 quam
950 3605 1021 3665 erga
1034 3596 1138 3667 captos

180 3682 358 3765 deditosque
372 3683 549 3743 ostenderat.

222 3786 273 3841 36.
296 3780 391 3858 Igitur
409 3780 447 3839 ab
466 3779 545 3839 omni
563 3787 658 3859 parte,
672 3778 767 3840 vitata
784 3776 950 3857 legatorum
967 3780 1137 3849 severitate,

182 3874 222 3937 ad
248 3875 427 3957 Pompeium
452 3876 613 3937 veniebant
634 3884 782 3937 oratores:
814 3884 846 3936 et
870 3875 934 3947 ille,
957 3877 1085 3955 receptis
1107 3878 1137 3936 in

181 3971 273 4033 fidem
293 3973 448 4046 dedititiis,
467 3974 571 4033 horum
592 3972 704 4033 indicio
721 3972 851 4033 latebras
868 3973 1060 4053 pessimorum
1076 3971 1137 4031 dis·

182 4069 282 4143 cebat,
296 4072 348 4151 qui
365 4071 546 4131 conscientia
558 4069 701 4129 scelerum
713 4068 845 4129 salutem*
851 4068 1051 4149 desperantes,
1064 4089 1135 4129 eon·

175 4167 304 4245 jugibus
315 4168 472 4248 liberisque
485 4156 517 4227 in
530 4165 656 4226 castella
667 4166 774 4225 montis
785 4164 876 4223 Tauri
889 4165 1035 4245 sepositis,
1045 4186 1136 4248 prope
1159 4190 1303 4245 summ,

183 4264 377 4325 Coracesium
391 4263 509 4324 Ciliciae
521 4262 677 4324 castellum
690 4262 730 4323 ad
743 4262 891 4323 anchoras
902 4261 1033 4323 stabant.
1074 4262 1135 4337 Sed
1148 4262 1245 4371 μθ·

182 4361 264 4423 baud
274 4362 354 4449 ultra¹
362 4362 488 4444 primum
497 4372 682 4443 congressum
693 4358 1001 4421 duraritbisanimus.
1027 4356 1137 4421 Statim
1169 4320 1213 4373 ,ω’
