3300 5225
882 563 919 614 'i'-
942 559 1032 615 utun

569 719 614 770 ter
625 709 759 772 diceres:
780 727 849 770 uun
862 707 1111 779 Arioberssnem,
1131 709 1157 768 si
1175 708 1279 778 nucis,
1292 707 1525 786 etegorednxi.

568 805 644 866 'l'um
658 804 747 887 igitur
758 807 873 872 munti
887 805 1029 886 quelibet
1039 806 1180 888 oportuit,
1192 804 1218 864 si
1225 806 1321 884 jumi
1334 815 1454 866 senatu
1467 823 1525 887 po-

569 901 690 985 puiique
704 901 837 966 Romani
850 903 1052 983 obtemperure
1064 901 1177 970 nolles:
1199 921 1258 962 non
1271 909 1355 963 tento
1364 912 1433 983 post
1444 911 1524 962 tem·

568 1019 650 1080 pore,
662 1019 732 1062 cum
751 999 880 1062 decretis
895 1000 1073 1080 eoqsiesses‚
1091 998 1255 1060 convellere
1265 1017 1342 1078 -qure
1360 997 1452 1060 semel
1465 1019 1524 1080 sp·

567 1097 719 1178 probsrss.

606 1199 658 1255 ut.
679 1191 870 1274 ‘Phrygium
894 1191 1018 1252 Meuius
1036 1189 1192 1271 Aquillius
1212 1189 1299 1251 donis
1321 1199 1419 1251 emtus
1441 1191 1525 1271 petri

565 1295 617 1349 tuo
630 1297 831 1350 concesserat:
853 1287 934 1369 quod
945 1307 1099 1348 commuue
1110 1288 1196 1348 vobis
1207 1285 1349 1348 delictum
1362 1287 1470 1347 irrisuri
1489 1289 1524 1346 in

565 1385 650 1447 illum
663 1385 820 1448 treneierre
840 1387 921 1446 ribus
937 1404 979 1445 es.
1021 1383 1083 1446 Sed
1105 1395 1138 1446 et
1155 1385 1222 1456 iste,
1235 1392 1268 1444 et
1285 1403 1355 1465 que
1376 1393 1525 1465 pmtereo

452 1479 461 1512 ’
564 1482 691 1562 pecunie
702 1489 859 1564 corruptus
869 1479 964 1541 multe
977 1480 1100 1551 Munius
1109 1489 1223 1560 egeret,
1235 1488 1355 1540 seneurs
1363 1480 1446 1539 irritu
1454 1501 1525 1541 me

558 1579 770 1656 jussitomsie.
810 1575 924 1657 Neque
941 1585 1054 1648 temen,
1074 1578 1184 1658 injusto
1196 1596 1361 1658 possessore
1381 1575 1523 1658 depuiem

564 1674 649 1736 nobis
661 1675 825 1755 recepimus
837 1673 1017 1755 Phrygium,
1030 1693 1079 1744 ne,
1092 1673 1173 1754 quod
1192 1674 1225 1732 iu
1243 1672 1311 1733 eliis
1330 1671 1523 1746 dumnumus,

563 1772 621 1853 ipsi
632 1771 731 1857 iuuere
744 1771 930 1842 videremur;
950 1771 1004 1832 sed
1015 1771 1173 1831 immunem
1185 1770 1369 1851 liberumque
1387 1791 1521 1851 monun-

563 1869 711 1932 tierimus.
753 1870 834 1938 Qure
847 1869 935 1949 igitur
943 1889 1008 1942 nos,
1022 1869 1094 1930 iicet
1100 1871 1185 1949 justo
1195 1869 1304 1950 pioque
1316 1867 1398 1928 bello
1410 1870 1522 1948 quoesi-

563 1975 606 2038 ιιι,
620 1967 825 2048 relinquimus,
838 1987 877 2028 eo
888 1968 945 2028 tibi
964 1988 1027 2048 quo
1038 1966 1160 2030 tundem
1174 1968 1244 2046 jure
1256 1965 1447 2026 vindicabis?
1468 1966 1521 2026 De

453 2125 457 2132 ,
563 2062 877 2146 Nicomedisrnjuris
898 2065 1037 2146 quererm.
1079 2063 1141 2126 Sed
1161 2063 1214 2124 ilie
1238 2083 1439 2144 percussorem
1459 2065 1521 2124 sibi

563 2161 784 2235 Aiexendruru,
805 2161 916 2224 demde
937 2162 1077 2223 amulum
1092 2162 1176 2242 regni
1195 2159 1353 2221 chrestum
1373 2161 1521 2222 immissos

497 2291 501 2300 .
560 2279 635 2332 esse,
649 2267 739 2340 etque
751 2259 797 2320 his
815 2261 913 2322 ouusis
929 2260 1145 2332 ascribendum,
1158 2258 1240 2340 quod
1258 2259 1289 2319 in
1303 2255 1379 2318 fines
1396 2266 1466 2318 tuos
1478 2260 1518 2319 ir·

560 2356 682 2440 ruperit,
696 2366 830 2418 testetur.
861 2357 1044 2437 Quenquum
1053 2359 1145 2418 etism
1158 2356 1253 2416 missio
1265 2353 1396 2416 Romen
1409 2351 1520 2434 legetis

559 2465 720 2536 expectere
739 2464 859 2526 eenutus
878 2475 1049 2537 responsum
1067 2463 1197 2535 potores,
1216 2452 1362 2532 siquidem
1379 2474 1399 2513 e
1417 2452 1517 2515 Nico-

505 2573 509 2586 ·
559 2551 646 2613 mede
659 2550 762 2615 luesnru
774 2561 805 2615 te
818 2553 1068 2635 esseputurisses.
1111 2549 1174 2613 Sed
1190 2551 1230 2612 de
1246 2549 1418 2610 Nicomede
1430 2561 1516 2613 eeto:

558 2652 619 2712 vim
635 2651 806 2712 inferentem
826 2652 858 2712 ri
876 2650 1028 2733 repuleris.
1069 2651 1149 2718 Qurc
1168 2648 1227 2709 init
1239 2648 1459 2709 Ariobarzanis
1469 2651 1515 2709 in·

552 2751 648 2829 jurio,
671 2769 760 2831 quem
783 2748 864 2810 hund
885 2752 994 2822 minus,
1016 2757 1107 2829 etque
1130 2744 1342 2819 Nicomedem,
1365 2747 1413 2807 sui
1431 2748 1514 2826 regni

559 2846 669 2909 finibus
680 2846 830 2926 exegisti?

598 2950 649 3005 25.
671 2946 802 3024 ‘Atque
814 2943 871 3003 hoc
883 2960 952 3002 curu
969 2940 1092 3011 iaceres,
1113 2958 1173 2999 non
1193 2946 1224 2999 te
1245 2936 1360 2998 ietebot
1378 2936 1455 3008 iore,
1469 2946 1513 3009 ut,

558 3042 653 3121 quiin
673 3039 834 3102 Astacum
849 3039 942 3118 iegati
959 3035 1107 3118 ducesque
1127 3036 1260 3097 Bonum
1279 3044 1377 3107 erunt,
1394 3036 1512 3116 pulsnm

554 3138 738 3199 reducerent
781 3136 844 3197 Sed
856 3136 914 3196 hoc
926 3135 1036 3214 egebas
1045 3141 1080 3194 nt
1090 3131 1204 3194 beilum
1215 3133 1352 3204 oriretur,
1364 3132 1448 3212 quod
1460 3154 1512 3215 spe

553 3232 708 3293 obtinendi
730 3242 874 3293 terrerum
895 3231 976 3292 orbis
996 3230 1163 3312 imperium,
1183 3228 1332 3310 siquidem
1353 3226 1510 3289 Romanos

552 3350 728 3411 supereeees,
737 3334 804 3410 jum
817 3330 890 3390 oiim
909 3348 976 3390 eres
993 3328 1164 3389 meditetue.
1207 3325 1279 3388 Nisi
1290 3324 1369 3386 iorte
1381 3334 1445 3385 tem
1457 3346 1510 3406 pe·

552 3446 616 3485 rum
628 3426 728 3496 videre
745 3437 860 3488 ceteros
879 3426 1040 3496 arbitreris,
1057 3432 1102 3495 st,
1120 3442 1190 3485 cum
1206 3422 1291 3483 nulio
1303 3421 1401 3483 edisne
1414 3431 1509 3503 erepte

552 3522 642 3593 bello,
657 3522 797 3605 Scythes,
810 3522 952 3593 Thraces,
968 3521 1121 3581 Sarmates
1136 3520 1278 3582 societate
1285 3520 1441 3598 jungeres,
1452 3521 1508 3579 cir·

550 3638 619 3678 cunr
631 3640 723 3698 regne
735 3618 862 3680 finitima
873 3618 987 3698 iegntoe
994 3619 1135 3689 mitteres,
1149 3636 1242 3679 noves
1253 3614 1429 3687 edificares,
1443 3636 1507 3697 pru·

551 3724 629 3775 retus
641 3717 910 3797 gubemetoreeque
918 3736 958 3775 ex
969 3714 1056 3794 longe
1068 3714 1178 3775 dissitis
1187 3714 1326 3794 pentibus
1335 3733 1506 3783 msceres,

551 3832 638 3873 nemo
658 3814 841 3874 intellexerit
860 3833 999 3894 quorsum
1021 3813 1080 3873 istu
1092 3812 1297 3893 pertinerent?
1318 3811 1418 3879 Quusi
1439 3830 1505 3871 sero

425 3978 434 3995 κ
549 3909 705 3974 consilium
730 3918 814 3969 tuum
841 3911 905 3990 ipse
931 3919 1098 3990 temporum
1123 3917 1218 3969 murs
1243 3928 1302 3968 non
1329 3907 1503 3989 prodiderit,

549 4006 641 4088 quod,
650 4002 910 4067 nobisdei'ectione
918 4006 1063 4066 sociorum
1072 4006 1237 4086 occupetis,
1246 4004 1287 4065 ob
1295 4004 1403 4065 ultimo
1413 4002 1504 4064 Ponti

548 4106 626 4175 sinu,
639 4111 783 4183 tunquem
795 4102 924 4183 captetis
944 4100 983 4162 ed
1001 4102 1060 4163 hoc
1076 4102 1208 4173 lutebris,
1221 4109 1337 4161 usurtrus
1354 4100 1504 4161 insidiator

548 4199 678 4279 erupisti.
721 4198 833 4279 Neque
857 4197 1056 4280 Goppodoces
1079 4207 1195 4259 tentum
1215 4206 1248 4259 et
1270 4198 1434 4280 Bithynos,
1452 4194 1502 4257 sed

549 4294 715 4365 (iulatione,
729 4294 782 4355 sed
797 4293 1052 4375 Paphiegoniem,
1064 4294 1174 4355 Asiam
1194 4294 1334 4373 denique,
1347 4314 1407 4354 non
1421 4296 1500 4373 igne

549 4410 598 4450 rus
610 4400 716 4451 noetrae
729 4390 851 4451 ditionis
861 4411 935 4463 eure,
947 4391 1092 4453 invasisti.
