3300 5225
417 2112 487 2163 Euli-
498 2110 568 2161 02¹0·-

433 2178 485 2227 Dio
499 2192 539 2239 ap.

414 2241 570 2295 aureuma.

412 2809 434 2846 Ι

417 3059 526 3125 Appian-

897 594 934 645 a.
957 592 1058 645 lalVll

622 742 674 799 46.
695 744 705 775 ⁸
718 735 824 819 Atque
838 736 914 799 illud
924 738 1037 799 bellum
1049 758 1119 799 cum
1129 736 1276 799 condicere
1288 735 1418 799 nondum
1430 746 1537 821 potue-
1619 793 1620 796 ,

579 832 655 905 ritis,
679 834 798 895 irritatis
823 834 1043 907 Mithridatem,
1066 854 1146 895 nunc
1168 833 1369 895 Nicomedem
1392 835 1433 906 ei,
1456 854 1537 896 nunc

580 928 820 993 Ariobarzanem
841 930 1047 993 immittendo:
1067 940 1099 991 et
1122 931 1221 992 verbis
1245 931 1406 992 amicitiam
1426 930 1536 1013 prele-

579 1036 688 1099 rentes,
700 1028 829 1089 hostium
838 1046 930 1109 opera
938 1026 1050 1091 fucitis.
1074 1027 1266 1110 Quapropter
1276 1027 1302 1087 si
1314 1026 1388 1109 quid
1401 1037 1536 1088 aetorum

578 1124 713 1205 penitet,
724 1124 774 1185 vel
786 1144 867 1186 nunc
879 1123 981 1206 punite
994 1133 1108 1186 vestros
1118 1124 1149 1185 in
1162 1125 1273 1186 amieos
1285 1125 1425 1205 injurium
1436 1122 1536 1185 Nico·

577 1221 715 1283 medem:
742 1220 824 1302 quod
848 1222 875 1282 si
897 1221 1038 1294 feceritis,
1058 1241 1169 1302 magna
1186 1221 1273 1283 robis
1297 1220 1411 1283 auxilia
1431 1229 1536 1281 oonua

579 1316 705 1385 Italicos
717 1338 736 1379 a
748 1338 817 1399 rege
830 1318 984 1401 polliceor.
1027 1318 1109 1381 Haec
1126 1320 1204 1380 ratio
1219 1320 1245 1380 si
1260 1318 1411 1401 displicet,
1424 1327 1479 1379 aot
1490 1318 1536 1378 in-

577 1414 719 1481 sidiosam
736 1418 824 1477 istam
843 1418 1009 1478 amicitiam
1027 1417 1206 1498 abmmpite,
1226 1425 1281 1477 aut
1298 1415 1431 1477 &mam
1444 1416 1538 1497 injus

577 1514 701 1573 eamus?
741 1512 823 1575 Hac
836 1516 889 1575 ubi
898 1512 981 1575 diets
992 1523 1062 1575 sunt
1073 1534 1093 1575 s
1104 1512 1269 1595 Pelopida,
1282 1512 1415 1574 Romani
1424 1516 1536 1573 oratio-

578 1610 625 1670 nia
637 1609 796 1671 insolentia
804 1612 1022 1683 commodiores,
1037 1609 1267 1671 ‘Mithridatem
1275 1610 1423 1670 abstinere
1437 1608 1536 1671 Nico-

578 1705 665 1765 mede
683 1714 714 1767 et
727 1706 942 1787 Cappadocia'
956 1708 1120 1787 jusserunt,
1141 1708 1241 1768 ‘lianc
1260 1707 1339 1767 caim
1352 1706 1537 1767 Ariobarza·

578 1802 609 1863 ui
622 1822 653 1863 se
666 1800 850 1863 reddituros:
874 1801 1055 1885 Pelopidam
1065 1803 1207 1865 moriano
1218 1804 1301 1864 abire
1309 1803 1537 1883 nesciamque

579 1899 765 1971 revertimini
778 1918 832 1959 rex
845 1900 991 1980 imperata
1003 1898 1143 1961 lecisset?
1185 1897 1360 1964 Discedenti
1368 1898 1538 1960 custodian

579 1993 649 2055 addi
663 1995 787 2075 placuit,
799 2014 921 2075 aequos
932 1996 1029 2055 obiter
1039 1996 1070 2055 in
1080 1996 1132 2057 ria
1144 2004 1354 2075 corrumperet.

619 2097 670 2151 46.
694 2090 792 2152 Haud
804 2090 951 2152 absimilis
963 2090 1128 2171 legatorum
1141 2111 1217 2171 quos
1228 2091 1337 2153 deinde
1348 2090 1389 2151 sd
1400 2099 1538 2153 senatum

582 2186 775 2249 Mithridates
797 2188 879 2249 misit
892 2189 1000 2259 oratio,
1023 2196 1201 2268 patrumque
1221 2186 1262 2247 ad
1281 2206 1348 2250 earn
1365 2208 1538 2270 mosum

580 2283 647 2345 fuit.
689 2284 880 2356 Potentibus,
901 2282 1070 2366 ‘siquidem
1081 2284 1193 2344 amicus
1210 2284 1316 2366 populi
1328 2282 1462 2345 Romam
1475 2284 1539 2347 Ni-

578 2380 717 2443 eomedes
742 2388 831 2452 esset,
856 2380 942 2441 illum
965 2381 1144 2441 aucwritate
1162 2399 1218 2441 sua
1238 2379 1278 2440 sd
1295 2380 1538 2441 satisfaciendum

578 2476 807 2558 compellerent,
829 2478 876 2538 sin
888 2496 970 2549 vero,
985 2474 1192 2537 Mithridatem
1203 2476 1261 2537 sibi
1280 2476 1436 2539 consulere
1452 2486 1538 2559 pate·

578 2582 679 2634 rentur
690 2574 712 2644 3'
732 2582 869 2635 nentrum
881 2591 1052 2636 concessum
1065 2582 1130 2634 est:
1151 2573 1299 2655 mirique
1312 2574 1432 2656 insuper
1449 2573 1539 2635 addi·

578 2679 630 2740 tre,
652 2671 728 2733 ‘nisi
742 2670 969 2753 Cappadociam
980 2669 1185 2731 Ariobarzani
1193 2669 1339 2742 redderet,
1347 2680 1379 2731 et
1386 2672 1541 2732 omiueret

578 2764 801 2828 Nicomedem!
836 2767 1012 2846 Eademque
1025 2765 1075 2827 dle
1084 2775 1206 2827 coactos
1218 2766 1300 2828 abira
1308 2766 1423 2847 legatos
1443 2775 1539 2828 ‘nun-

577 2863 653 2924 tiare
678 2866 741 2944 regi
766 2863 842 2925 suo'
864 2865 1027 2942 jusserunt,
1057 2872 1117 2922 ‘ne
1143 2882 1233 2944 quem
1258 2863 1368 2925 deiude
1390 2865 1539 2937 mitteret,

577 2959 673 3022 donec
689 2959 837 3021 mandatis
856 2971 976 3022 senatus
995 2960 1161 3041 paruianea'

620 3065 671 3122 47.
693 3056 745 3118 Sic
764 3057 884 3118 irritatis
902 3058 1050 3138 utrimque
1070 3057 1186 3131 animis,
1199 3059 1251 3139 qui
1264 3077 1318 3139 per
1329 3058 1440 3120 Asiam
1450 3067 1540 3120 aaut

579 3154 712 3216 Romani
736 3154 839 3226 duces,
860 3175 918 3216 uon
941 3162 1102 3236 expectato
1120 3154 1373 3216 oenanrsoonsolto
1392 3155 1540 3236 populive

574 3253 672 3331 jussu,
693 3271 732 3312 ex
755 3251 908 3333 Bithynia
923 3250 1187 3333 Cappadociaque
1202 3260 1235 3312 et
1250 3251 1473 3332 Paphlagoniae
1485 3252 1540 3313 de·

578 3349 705 3409 lectibus
724 3350 887 3410 exercitum
905 3355 1076 3428 coegeruna
1096 3347 1209 3409 additis
1224 3350 1315 3410 etiam
1329 3348 1541 3428 Gallograeco-

579 3466 644 3506 rum
657 3445 786 3506 auxiliis.
829 3444 925 3506 Simul
940 3445 976 3505 L.
987 3445 1095 3516 Cassii,
1105 3446 1159 3526 qui
1170 3445 1280 3506 Asiam
1289 3446 1456 3518 obtinebat,
1464 3467 1539 3508 con-

579 3543 679 3604 venire
699 3545 800 3622 jussus
821 3551 867 3604 est
891 3543 1053 3614 exercituo,
1075 3542 1230 3624 copiaque
1251 3541 1411 3604 auxiliares
1432 3563 1540 3604 omna

579 3640 707 3702 eundem
721 3641 862 3702 inlocum
875 3641 1041 3702 conducta.
1481 3648 1485 3652 “

522 3785 525 3793 -
619 3745 669 3800 48.
694 3737 812 3799 Deinde
825 3738 929 3819 partiti
947 3740 1023 3798 inter
1038 3738 1169 3799 serires.
1210 3738 1344 3810 Consiua,
1357 3737 1411 3798 obi
1425 3736 1539 3818 Bithy·

578 3835 636 3896 niae
650 3833 854 3914 Gallograecia
871 3834 1075 3906 committitur,
1095 3835 1198 3895 castris
1214 3836 1297 3916 oepit
1310 3835 1420 3896 locnnr.
1465 3832 1538 3894 Ms-

579 3931 645 3991 nius
661 3930 825 4011 Aquillius,
839 3950 901 4011 qua
914 3931 1080 4010 irruptorua
1095 3931 1128 3990 in
1147 3929 1324 4011 Bithyniam
1343 3928 1539 3992 Mithridates

578 4025 768 4100 credebatur,
784 4026 927 4089 consedit.
969 4025 1171 4108 Cappadocia
1183 4025 1294 4088 linibru
1305 4027 1427 4109 Appius
1439 4025 1537 4088 Clau-

579 4123 647 4185 dius
674 4123 861 4206 praesidebat.
896 4123 1002 4203 Copia
1021 4125 1068 4185 his
1088 4133 1173 4186 erant
1189 4126 1322 4205 equilum
1342 4125 1537 4206 peditumque

581 4220 772 4300 quadragena
784 4221 901 4282 circiter
913 4220 1021 4282 millia.
1054 4219 1163 4281 Navoa
1172 4222 1264 4281 etiam
1277 4220 1414 4294 aderant,
1427 4223 1537 4301 quibus

581 4316 714 4398 praelecti
738 4318 890 4380 Minucius
909 4315 1022 4389 Rufus,
1043 4315 1081 4378 O.
1100 4317 1254 4399 Popillius
1270 4320 1422 4400 angoafias
1438 4316 1535 4377 Ponti

583 4413 664 4495 apud
683 4413 866 4497 Byzantium
884 4415 1093 4480 observabant.
1135 4415 1252 4480 Praeter
1268 4417 1334 4479 lrrec
1350 4415 1535 4480 Nicomedes
