3300 5225
396 574 501 623 nranr
527 574 666 623 xcvrrr.
688 575 1013 627 surrnunnuruu.
1169 560 1259 627 4855

140 717 258 779 litarem
268 714 307 775 ad
317 716 530 797 speculandum
538 718 664 797 regionis
674 718 839 797 viriumque
850 718 1094 779 babitumaoces-

138 816 213 875 sisse
225 812 402 892 suspicatus,
416 833 510 894 neque
532 814 673 896 promissa
691 812 840 875 Romanis
852 813 978 886 auxilia,
997 834 1095 894 neque

138 918 244 969 contra
256 928 307 969 eos
321 909 438 989 regibus
449 910 529 971 misit
540 930 548 969 z
569 910 651 992 quod
664 910 725 971 illis
736 912 813 973 inter
824 931 889 971 sese
900 910 1173 982 bellantibus,le

137 1006 198 1067 sibi
205 1006 398 1067 certissimum
406 1024 473 1066 cum
481 1006 639 1067 securitate
645 1006 875 1068 emolumentum
885 1007 1093 1089 pollicebatur.

139 1100 254 1183 Neque
274 1102 419 1182 impunita
438 1103 467 1161 ei
483 1102 592 1167 astutia
606 1113 749 1175 maneret,
772 1106 804 1165 ni
826 1104 945 1165 Luculli
963 1104 1093 1164 animum

137 1198 261 1277 ignaria
280 1207 312 1258 et
335 1197 443 1258 seditio
460 1197 596 1260 militaris
615 1197 805 1262 destituisset.
848 1199 927 1262 Cum
946 1201 1025 1261 enim
1042 1199 1094 1260 ille
1106 1206 1206 1271 Eoum.

137 1295 182 1356 ed
194 1294 364 1356 Sornetium
377 1303 548 1377 ceterosque
562 1295 677 1375 lagatos
689 1317 726 1358 ac
738 1296 872 1359 tribunos
883 1318 952 1363 auos
963 1297 1094 1379 scripsis-
1106 1272 1174 1321 ΡΜ·

136 1400 197 1465 aet,
211 1390 320 1453 adduci
328 1392 439 1471 jubens
451 1412 527 1473 quas
545 1392 706 1473 reliquerat
718 1394 749 1453 in
770 1394 874 1455 Ponto
886 1394 999 1475 copias,
1013 1393 1094 1474 quod

137 1496 196 1567 per
218 1486 400 1570 Gordyenen
421 1491 451 1549 in
473 1489 607 1551 Parthos
629 1490 787 1571 irrumpere
809 1492 972 1570 cogitabat,
993 1490 1096 1551 dilatis

135 1583 258 1645 interim
275 1583 403 1665 Tigrane
421 1594 452 1647 et
471 1584 651 1647 Mithridate
664 1587 802 1665 regibus;
824 1586 934 1647 milites
945 1606 1042 1667 neque
1054 1586 1094 1647 ad

137 1680 300 1743 Lucullum
321 1685 414 1744 ituros
437 1683 659 1765 responderunt,
678 1704 774 1765 neque
797 1683 909 1743 diutius
928 1682 1043 1745 lutrrros
1063 1684 1094 1743 in

135 1779 294 1860 praesidiis.

184 1882 235 1940 67.
257 1875 349 1943 Quod
362 1878 414 1937 ubi
430 1878 460 1937 in
483 1878 589 1939 cestris
606 1876 726 1939 Luculli
748 1885 793 1937 est
814 1876 976 1957 cognitum,
988 1876 1093 1937 eadem

49 2038 53 2049 ,
135 1973 329 2035 contumacia
355 1974 386 2033 in
411 1983 586 2055 praesentem
608 1974 772 2035 exercitum
792 1974 931 2055 pervasit.
982 1972 1094 2034 Omnes

135 2069 240 2129 mbari
250 2090 286 2130 ac
300 2069 424 2131 laudare
437 2070 631 2131 Ponticorum
644 2068 773 2131 militum
787 2070 919 2130 animos:
942 2069 1017 2131 ‘lios
1025 2089 1093 2130 vere

136 2166 261 2238 liberos,
273 2167 327 2227 hos
338 2168 435 2228 viros'
455 2164 554 2229 dicere
566 2177 606 2227 :¹‘
618 2176 650 2229 at
669 2188 712 2240 se,
731 2176 874 2248 tanquam
886 2165 962 2228 viiia
981 2168 1093 2227 manci-
1120 2188 1126 2198 ·

136 2265 203 2345 pia,
217 2284 403 2345 quocumque
414 2266 537 2346 inquieti
549 2264 662 2326 domini
675 2264 855 2346 cupiditates
858 2264 1025 2345 jussissent,
1037 2265 1094 2324 sub

136 2362 234 2423 alium
245 2381 329 2443 paene
343 2361 446 2434 solem,
455 2362 570 2442 ignotas
583 2364 613 2421 in
623 2370 715 2423 terras
726 2361 815 2434 trahi,
823 2361 940 2423 etiamsi
951 2361 1095 2443 impervie

135 2456 219 2517 ferro
231 2459 364 2519 membra
375 2458 530 2531 haberent,
543 2459 626 2520 senio
647 2466 677 2519 et
695 2458 833 2519 itinerum
845 2458 948 2519 labore
959 2456 1092 2519 deiectu·

31 2588 36 2595 ·
136 2555 210 2616 ros!
254 2553 306 2616 Ito
319 2553 448 2618 Lucullo
463 2554 674 2636 quiescendum
686 2554 872 2636 aliquamdiu
884 2563 988 2616 contra
1000 2554 1092 2616 animi

134 2651 316 2712 sententiam
338 2650 406 2712 fuit
448 2651 569 2714 Interea
591 2649 701 2713 Roma
726 2651 831 2712 iisdem
853 2652 1024 2714 concidibus
1044 2647 1092 2710 Μ.
1111 2662 1255 2714 Cie.in1²is.

136 2747 260 2828 Pupius
286 2747 362 2809 Piso
387 2768 427 2810 ex
450 2747 603 2830 Hispania
625 2747 830 2829 triumphavit,
849 2767 907 2809 non
931 2746 1091 2810 admodum
1102 2728 1253 2844 ffiss‘ffi

135 2844 257 2924 magnis
279 2846 368 2924 gestis
384 2847 479 2906 rebus.
523 2844 659 2928 Sequens
672 2865 766 2907 annus
785 2865 876 2906 unum
888 2843 1092 2906 tantummodo

135 2943 292 3004 consulem
312 2945 427 3017 hebuit,
446 2946 491 3013 Q.
505 2945 654 3007 Marcium
667 2943 796 3024 Regem,
810 2947 882 3024 quia
900 2943 935 3004 L.
949 2942 1093 3004 Metellus
1104 2953 1164 3003 Dio.

135 3039 257 3120 collega
270 3043 335 3120 ejus
346 3043 491 3126 principio
505 3043 574 3103 anni
587 3042 732 3113 obiverat,
745 3049 777 3101 et
788 3049 856 3122 post
865 3060 934 3101 eum
944 3039 1031 3111 alius,
1039 3039 1092 3120 qui

135 3137 237 3200 fuerat
249 3140 279 3198 in
292 3138 391 3201 locum
406 3139 529 3201 Metelli
541 3141 736 3218 subrogatus;
758 3157 854 3218 eaque
862 3157 902 3197 cx
915 3158 947 3197 re
961 3145 1092 3218 postmo-

136 3235 212 3296 dum
224 3233 320 3296 suffici
333 3257 503 3316 quenquam
516 3237 623 3317 religio
636 3236 822 3298 incesserat·

180 3339 231 3394 68.
255 3332 376 3396 Interea
390 3333 592 3408 Mithridates,
606 3353 753 3396 armorum
765 3330 889 3394 officinis
909 3351 963 3412 per
979 3331 1092 3413 oppida
1102 3331 1211 3398 Appios.

137 3431 291 3504 institutis,
304 3432 444 3514 emique
456 3431 517 3494 fere
531 3422 741 3494 Armeniorum
747 3433 908 3512 juventute
925 3437 1089 3500 contracta,

137 3524 276 3588 delectus
288 3529 416 3608 agebat:
438 3529 517 3590 unde
529 3529 661 3600 retentis,
675 3547 799 3610 quorum
812 3526 952 3587 alacritas
962 3533 994 3585 et
1002 3524 1092 3585 robur
1223 3588 1226 3592 Δ

136 3625 301 3698 eminebat,
315 3627 505 3708 septuaginta
516 3626 649 3688 millibus
661 3625 806 3706 peditum,
826 3625 949 3703 triginta
961 3623 1092 3703 quinque

138 3721 286 3801 equitum,
303 3732 433 3784 ceteram
454 3723 672 3784 multitudinem
692 3720 814 3782 dimisit.
858 3720 921 3780 Eas
940 3719 1043 3800 copias
1060 3719 1091 3776 in
1120 3719 1230 3784 Phlegon

137 3819 275 3878 cohortes
288 3816 411 3901 alasque
424 3820 556 3901 proxime
570 3816 742 3879 Romanum
759 3837 872 3878 morem
888 3816 1025 3885 tributas,
1039 3833 1092 3894 per
1103 3785 1230 3915 ffpffl’i

138 3914 275 3975 homines
288 3914 445 3986 Ponticos,
457 3934 563 3993 gnaros
580 3915 645 3993 ejus
658 3912 786 3984 militias,
801 3912 970 3972 exercebat.
1013 3908 1091 3991 Spa·
1103 3915 1170 3966 Plut

138 4011 216 4071 tium
241 4011 270 4072 ei
295 4010 409 4072 dabant
435 4010 640 4072 Romanorum
663 4008 792 4069 militum
813 4009 899 4078 vitia,
918 4009 985 4087 jam
1008 4005 1092 4065 velut

139 4109 277 4189 precario
290 4093 464 4190 parentium.
506 4107 587 4168 Haec
602 4107 699 4168 verior
722 4123 813 4166 causa
824 4103 929 4164 dilatae
943 4101 1090 4183 expediti·
1106 4117 1162 4168 Dio.

139 4205 208 4264 onis
221 4204 348 4268 Lucullo
361 4205 430 4279 fuit,
444 4225 533 4286 quam
546 4205 666 4284 frigora,
681 4191 749 4283 quse
760 4200 1004 4263 obtendebantur.
1103 4183 1170 4234 PM·
1184 4231 1188 4246 ι

450 4427 462 4450 ⁸
472 4427 504 4478 A.
517 4428 551 4479 U.
563 4429 594 4480 C.
605 4431 663 4480 684.
697 4424 769 4478 Μ).
780 4430 821 4476 68.
