3300 5225
431 540 519 619 ’4558
744 592 747 601 ·
915 562 952 621 t.
975 562 1074 625 trvrt

636 718 688 776 36.
710 724 720 753 ⁴
732 715 886 776 Praeterea
897 714 980 797 qnod
993 736 1090 796 neque
1102 714 1168 777 fieri
1180 726 1329 799 oporteat,
1342 736 1440 798 neque
1453 718 1549 799 parnt,

591 819 630 873 ut
654 812 741 894 Sylla
763 814 880 893 iegibus
899 834 967 874 reus
988 822 1156 896 peragatur,
1169 816 1201 876 id
1221 817 1280 877 hoc
1302 825 1436 897 tempore
1458 836 1549 896 neque

595 909 758 990 optandum
791 911 1037 993 postulandumve
1075 912 1177 973 fuisse.
1232 914 1412 974 Universum
1447 912 1550 973 Asiam

595 1016 782 1087 erumpentes
796 1010 836 1069 ab
849 1008 971 1069 Euxino
983 1008 1087 1069 Ponto
1099 1010 1241 1069 barbaros
1250 1010 1458 1070 veintdiinrio
1471 1010 1550 1069 inun-

595 1102 701 1164 dasse:
724 1105 874 1167 trucidata
894 1114 939 1165 tot
956 1107 1068 1167 civium
1088 1106 1294 1169 Romanorum
1313 1107 1396 1168 ioedo
1414 1108 1551 1189 exemplo

594 1222 658 1261 esse
672 1202 785 1263 millia:
808 1224 906 1282 regem
920 1204 1031 1265 nomini
1042 1203 1184 1265 Romano
1191 1205 1424 1266 inimicissimum
1434 1204 1550 1277 instare,

594 1318 709 1378 urgere.
752 1300 806 1361 Ab
820 1300 924 1361 eodem
938 1298 1125 1362 fidelissimos
1143 1303 1250 1373 socios,
1263 1304 1383 1363 unicam
1401 1303 1551 1363 hostilium

594 1415 783 1458 successuum
797 1418 921 1470 moram,
933 1398 1072 1459 Rhodios
1080 1402 1257 1481 oppugnari.
1300 1400 1364 1460 His
1375 1400 1553 1481 temporibus

594 1494 721 1555 detineri
740 1504 878 1576 paratum
892 1495 930 1556 ad
943 1497 1012 1557 hac
1028 1497 1203 1576 corrigenda
1221 1498 1442 1579 imperatorem,
1455 1516 1552 1558 eorum

595 1594 695 1673 potins
707 1613 782 1664 esse,
795 1594 850 1673 qui
870 1593 1028 1674 perditam,
1041 1614 1133 1675 quam
1145 1595 1199 1675 qui
1210 1595 1327 1655 sairam
1339 1596 1553 1676 rempublicam

448 1692 504 1741 val.
516 1690 583 1743 Mu.
595 1690 742 1770 cupiant?
782 1690 862 1751 Sane
882 1694 972 1752 etiam
994 1692 1030 1752 iis
1048 1692 1100 1772 qui
1121 1692 1259 1753 abessent
1278 1691 1455 1772 reipublice
1466 1712 1554 1753 cansa

489 1762 514 1807 ⁷·
596 1787 747 1864 negotium
767 1788 863 1849 creari
875 1787 927 1848 lex
941 1788 1090 1850 Memmia
1102 1790 1235 1850 vetabat.
1278 1788 1377 1867 Igitur
1387 1791 1455 1868 ejus
1467 1790 1553 1849 bene-

432 1886 500 1935 Plut
509 1884 573 1953 8511.
597 1881 667 1943 ficio
681 1882 715 1943 L.
730 1883 829 1965 Sylla,
842 1886 962 1946 tribuno
974 1894 1007 1945 et
1015 1886 1169 1966 judicibus
1176 1885 1278 1947 ualere
1285 1886 1390 1965 jussis,
1403 1886 1434 1946 in
1448 1885 1555 1947 Asiam

596 1990 641 2041 est
653 1981 812 2063 proiectus.

637 2084 688 2142 ³7.
710 2079 824 2140 Iisdem
844 2079 961 2151 diebus,
982 2078 1114 2161 quibus⁶
1135 2079 1265 2161 Syllana
1275 2078 1379 2140 classis
1397 2078 1438 2140 ab
1463 2078 1556 2141 ltalia

596 2173 696 2246 solvit,
710 2176 806 2237 multa
819 2177 993 2238 Mithridati
1005 2176 1150 2238 terribilia
1158 2185 1276 2237 ostenta
1286 2177 1409 2255 objecta
1417 2198 1486 2237 esse
1497 2198 1556 2237 rne-

596 2283 731 2334 morant:
752 2282 784 2335 et
796 2274 874 2335 inter
894 2275 956 2336 aiia
972 2274 1143 2336 Victoriam
1163 2273 1337 2334 adutatione
1349 2274 1556 2353 Pergameno-

591 2378 661 2431 'r'um
675 2372 731 2432 tali
745 2370 873 2433 artificio
882 2372 1071 2443 fabricatam,
1086 2380 1121 2431 ut
1132 2370 1219 2453 quasi
1231 2370 1270 2431 de
1283 2370 1362 2431 coeio
1372 2370 1558 2433 descendens

594 2488 738 2530 coronam
753 2469 925 2531 Mithridati
937 2472 1114 2552 imponeret,
1126 2488 1195 2529 cum
1213 2468 1306 2528 terme
1325 2478 1420 2551 caput
1431 2472 1503 2550 ejus
1514 2479 1556 2529 at-

595 2565 720 2645 tigisset,
742 2566 843 2628 subito
861 2576 894 2629 et
912 2569 1033 2631 occuito
1054 2568 1200 2629 machinae
1211 2567 1433 2628 ritiohasme:
1456 2568 1558 2631 dinis

596 2683 719 2744 samque
732 2687 749 2726 e
763 2667 901 2726 manibus
912 2670 979 2747 ejus
990 2686 1131 2728 coronam
1142 2665 1182 2726 de
1200 2667 1319 2726 theatro
1339 2667 1382 2727 ita
1393 2668 1558 2747 procidisse

596 2759 691 2833 humi,
705 2771 738 2822 ut
753 2763 997 2843 confringeretur,
1015 2785 1074 2826 non
1091 2765 1155 2825 sine
1174 2765 1287 2843 ingenti
1309 2763 1429 2824 honore
1442 2765 1560 2847 populi,

480 2873 482 2894 ¹
597 2867 631 2919 ut
644 2861 720 2938 regis
732 2861 825 2942 ipsius
838 2863 1087 2923 consternatione.
1260 2851 1266 2858 ⁵

433 2955 541 3022 ΛΡΡ·
638 2957 1080 3042 38.Interhaecprosectus1n
1095 2959 1330 3021 Granoiamcum
1342 2978 1455 3039 magna
1466 2960 1561 3020 cinae

434 3053 516 3102 riom
520 3061 584 3106 ιι..5
599 3053 780 3128 Archelaus,
794 3057 991 3139 Gyciadnsin
1005 3067 1183 3140 potestatem
1196 3057 1412 3136 regiaredegit,
1422 3058 1561 3138 aliasque

432 3118 560 3235 phunon
597 3150 669 3211 item
681 3151 792 3214 insulas
805 3153 845 3214 ad
859 3155 996 3215 Maleam
1010 3175 1120 3236 usque:
1144 3155 1263 3214 Eretria
1276 3175 1397 3234 quoque
1411 3164 1448 3216 et
1467 3155 1563 3215 Chai-

435 3247 501 3296 Pau
472 3265 554 3298 mssa.
598 3245 1049 3330 cide,t0taquesimu1Euboea
1068 3253 1192 3333 potitus.
1236 3251 1285 3311 Eo
1298 3261 1448 3360 tempore,
1465 3253 1565 3313 Deius

432 3311 525 3364 Imm
598 3365 618 3404 a
632 3343 831 3427 Metrophane
845 3333 986 3429 prefecto
998 3349 1081 3427 regio
1092 3347 1212 3430 direpta
1223 3357 1287 3408 cst.
1309 3368 1377 3408 cum
1389 3349 1457 3409 sine
1473 3350 1566 3409 muris

597 3448 629 3499 et
642 3441 790 3521 prasidio,
809 3465 961 3505 sacrorum
983 3446 1174 3506 veneratione
1194 3443 1235 3505 nd
1254 3443 1287 3504 id
1307 3454 1426 3526 tempus
1437 3445 1566 3506 defendi

528 3541 535 3556 “
575 3537 715 3600 ‘soleret
757 3540 796 3600 In
819 3563 857 3601 eo
879 3541 1009 3602 tumultu
1034 3543 1211 3604 convulsum
1233 3563 1254 3603 a
1273 3543 1402 3604 barbaro
1425 3543 1567 3623 quodam

598 3635 752 3717 Apollinis
766 3637 851 3699 Delii
871 3640 1073 3712 simulacrum,
1085 3649 1118 3701 et
1133 3640 1165 3700 in
1186 3659 1268 3700 marc
1280 3660 1334 3720 per
1344 3641 1567 3701 contumeliam

598 3735 730 3806 missum,
743 3735 907 3798 serentibus
917 3737 1005 3799 undis
1024 3738 1063 3798 ad
1085 3738 1226 3798 Laconia
1240 3736 1384 3818 oppidum
1399 3737 1501 3799 Boeas
1514 3760 1568 3819 ap-

598 3828 709 3910 pulisse
730 3841 897 3904 autumant,
920 3835 973 3894 ubi
990 3833 1100 3895 deinde
1121 3833 1404 3915 sanum-Apollinis
1423 3835 1569 3918 Epideiii

597 3935 794 4005 cognomento
818 3931 936 3991 Boeatae
956 3930 1144 3992 dedicarunt
1185 3929 1263 3990 Atia
1286 3950 1408 4011 qnoque
1433 3932 1571 3994 diversis

494 4030 499 4041 '
535 4062 543 4079 .
599 4021 704 4084 insulis
714 4027 843 4088 castella
862 4049 882 4088 a
903 4029 994 4108 regiis
1015 4037 1188 4110 expugnata
1206 4036 1295 4088 sunt:
1316 4029 1424 4088 occisis
1447 4031 1571 4112 ubique

597 4119 1000 4201 circitervigintihnminum
1022 4125 1166 4195 millibus,
1188 4125 1348 4186 maximam
1362 4135 1488 4206 purtem
1503 4129 1571 4190 Ita·

598 4215 673 4276 licis.
717 4219 765 4280 Ea
779 4220 847 4282 ioca
860 4220 1097 4282 Atheniensibus
1111 4220 1283 4283 Archelaus
1293 4223 1451 4297 attribuit,
1466 4247 1489 4286 a
1502 4229 1570 4309 qui-

598 4314 653 4376 bus
665 4314 808 4378 deiecisse
820 4317 1006 4380 dicebantur.

827 4539 845 4584 ο
862 4535 963 4600 Dictus,
975 4550 1021 4600 quo
1031 4512 1241 4601 tegebaturanta
1251 4532 1331 4584 cres.
