3300 5225
367 571 473 621 ntum
499 571 637 623 LXXVl.
662 572 989 623 surrtuuuuwu.

112 714 249 774 beminen
260 712 433 797 plerumque
448 735 508 779 nou
526 714 583 776 tuit
600 714 735 788 difficile,
756 714 858 775 multis
871 712 969 776 adhuc
980 715 1071 777 servi·

114 820 212 871 tutem
225 818 260 870 et
270 810 363 871 otium
375 810 531 872 laboriosae
544 810 673 873 libertati
686 810 918 893 pureiemntibus.

149 914 185 967 t).
208 916 219 943 ⁴
232 904 309 969 Hoc
321 916 420 969 tamen
432 908 490 968 luit
498 908 529 967 iu
539 904 708 989 uliquor'um
716 907 885 969 deiectione
897 908 979 979 boui,
990 906 1071 989 quod

112 1012 230 1064 secreto
253 1002 399 1085 quioquid
420 1005 451 1063 in
475 1005 606 1066 consiliis
628 1012 683 1065 unt
703 1006 809 1066 castris
834 1024 942 1083 aegmm
964 1004 1072 1077 tirerst,

114 1100 227 1160 arctius
247 1100 321 1159 coiit
339 1099 561 1162 fortissimorum
579 1100 755 1185 populorum
771 1100 831 1161 fide
850 1100 1013 1182 animisque
1027 1102 1071 1160 iu-

114 1195 301 1257 diseoiubilis
312 1205 345 1257 et
352 1197 465 1257 invicta
475 1196 611 1259 woieus.
642 1196 750 1258 Nullo
763 1197 891 1279 amplius
902 1217 991 1261 voces
1000 1196 1073 1257 belli

116 1292 197 1353 mala
207 1292 428 1373 deplorantium
440 1293 617 1355 audiuntur:
631 1293 714 1356 nulla
726 1295 819 1377 pacis,
833 1295 890 1355 uisi
904 1314 971 1376 quae
984 1293 1072 1355 liber·

115 1398 209 1449 tatem
221 1387 332 1462 firmet,
346 1410 471 1470 nsquam
482 1392 609 1451 babetur
626 1392 747 1453 mentio.
789 1390 864 1451 Hoc
883 1410 984 1451 omnes
1004 1410 1072 1472 pro-

116 1486 213 1567 posito
239 1506 352 1561 snmus,
364 1495 409 1548 ut
429 1508 491 1570 pru
512 1488 713 1551 dominatione
735 1489 879 1553 Romans
902 1488 968 1552 iere
987 1490 1074 1551 nobis

115 1582 265 1656 rideatur,
284 1585 428 1666 quicquid
441 1586 570 1665 ingerere
587 1586 768 1649 calamitosis
786 1588 954 1649 bominibus
970 1588 1074 1669 iniqua

117 1678 362 1761 lmtnnapouut

153 1786 208 1839 10.
231 1788 241 1815 ‘
254 1778 397 1839 Ceterum
409 1779 449 1837 ab
462 1780 520 1839 ista
530 1787 608 1840 sorte
621 1779 724 1861 procul
742 1779 841 1841 adbtm
853 1780 962 1841 virtute
975 1791 1074 1841 nostra

117 1884 146 1934 et
153 1894 279 1935 munere
289 1872 422 1934 Deorum
435 1876 576 1935 absumus
588 1895 596 1935 :
614 1896 710 1956 neque
719 1874 893 1937 deteriorem
907 1876 995 1937 armis
1007 1894 1074 1937 uos·

117 1970 167 2031 tris
180 1971 411 2043 munimime,
428 1991 520 2052 quem
535 1972 593 2033 fuit
613 1992 716 2045 causa,
736 1993 896 2054 speramus.
938 1971 1075 2054 Sedprae

117 2069 224 2129 ceteris
236 2066 300 2128 duo
312 2078 382 2129 sunt
392 2069 533 2141 maxime,
555 2090 623 2151 quse
635 2068 775 2130 fiduciam
788 2078 917 2131 nosbam
935 2078 1074 2149 augeant.

118 2162 203 2225 Nam
228 2165 322 2225 etiam
345 2174 413 2246 post
437 2176 561 2247 accepta
581 2166 663 2226 bello
685 2166 743 2227 hoo
764 2166 949 2227 incommoda
968 2166 1075 2226 virium

118 2270 285 2321 nostrarum
298 2259 379 2321 bsud
392 2281 462 2321 saue
475 2263 614 2343 poenitet:
634 2271 666 2322 et
680 2262 790 2323 multos
807 2264 916 2343 ubique
933 2282 1018 2341 reges
1030 2270 1076 2322 ut·

118 2377 174 2437 que
187 2357 320 2441 populos
337 2378 396 2418 uon
409 2357 476 2418 nliis
488 2359 582 2419 oculis
594 2359 700 2421 intueri
713 2356 884 2419 Romanam
896 2356 1074 2437 magnitudi-

118 2472 184 2513 nem
193 2454 319 2526 scimm,
331 2474 420 2536 quum
434 2475 454 2513 a
466 2456 552 2515 nobis
564 2455 741 2536 aspiciatur:
755 2456 812 2517 nisi
824 2454 906 2535 quod
920 2476 972 2515 nos
980 2473 1074 2536 quau·

119 2558 150 2609 to
168 2552 324 2633 propiores
341 2552 411 2612 buic
430 2550 506 2632 pesti
525 2550 645 2622 issimus,
665 2560 749 2614 tauto
769 2554 881 2635 priores
901 2561 932 2613 et
949 2551 1076 2634 penitius

121 2647 326 2730 perspeximus
338 2647 515 2708 insatiabilis
527 2647 629 2729 populi
641 2649 871 2728 improbitatem.

160 2755 209 2808 ll.
232 2747 324 2808 ‘Jam
333 2748 413 2808 enim
425 2768 445 2807 a
457 2746 661 2829 primilinitiis
670 2746 833 2829 imperandi
845 2748 915 2808 licet
923 2767 981 2807 nou
992 2767 1076 2828 seque

121 2843 319 2916 manifestam,
332 2864 417 2926 seque
430 2853 529 2904 tamen
539 2863 678 2924 maguam
691 2842 884 2926 cupiditatem
896 2843 1002 2904 babuit
1011 2863 1018 2903 :
1028 2844 1078 2904 eui

122 2949 154 2998 ut
164 2943 335 3002 resisterent
346 2943 475 3020 majores
487 2941 590 3012 nostri,
604 2939 679 3000 nibil
692 2939 892 3020 inexpertum,
904 2959 972 3000 suas
985 2959 1078 3020 oppo-

123 3035 219 3098 nendo
229 3057 314 3118 opes,
326 3035 501 3097 solieitnndo
515 3036 639 3108 alienas,
650 3035 842 3116 reliquerunt.
886 3035 938 3096 Sic
952 3044 983 3095 et
996 3035 1079 3116 Pyr-

122 3134 189 3192 rhus
197 3152 218 3193 a
230 3132 329 3206 uobis,
342 3142 374 3193 et
386 3131 572 3214 postmodum
586 3132 701 3193 Poeuus
713 3130 873 3193 Hannibal
887 3131 983 3210 adjuti
996 3139 1078 3192 sunt:

124 3249 216 3310 neque
235 3227 402 3289 defuissent
421 3229 577 3289 Antiocho
599 3237 652 3288 aut
667 3227 817 3310 Philippo
836 3228 953 3308 regibus
966 3228 1082 3289 auxilia

124 3331 232 3399 nosba,
245 3326 272 3386 si
285 3325 393 3386 inferre
406 3325 520 3386 bellum
529 3325 678 3386 Romanis
687 3327 717 3386 in
728 3325 834 3397 Italia,
843 3345 934 3407 quom
944 3329 1080 3408 accipere

125 3423 202 3484 domi
211 3422 396 3484 maluissent.
437 3421 499 3483 Sed
513 3421 583 3482 illos
595 3421 715 3503 quidem
728 3442 797 3482 suus
809 3442 890 3482 error
904 3432 956 3482 aut
968 3421 1083 3484 invidia

125 3521 273 3580 numinum
288 3521 319 3578 in
337 3516 456 3579 diversa
468 3518 593 3579 consilia
609 3517 771 3592 transtulit,
785 3527 819 3578 ut
832 3527 915 3579 tuum
932 3517 1024 3580 decus
1036 3538 1082 3580 es·

126 3624 178 3687 set,
192 3613 839 3694 Italinm,-quiduutem1taliaml-—immo
849 3623 1013 3694 gementem
1026 3615 1083 3675 sub

127 3711 263 3772 Romano
270 3713 350 3791 jugo
363 3719 505 3770 terrarum
517 3711 619 3772 orbem
632 3711 784 3772 liberasse.

165 3815 216 3868 12.
229 3818 238 3844 ‘
251 3808 340 3869 Licet
351 3808 442 3878 enim,
450 3815 556 3888 praeter
568 3827 679 3889 psuoos
691 3808 826 3868 servituti
840 3816 926 3868 ustos
938 3807 1082 3878 homines,

127 3925 212 3965 nemo
224 3923 352 3985 usquam
361 3912 423 3962 tam
434 3901 623 3963 insolentium
633 3901 820 3965 dominorum
831 3903 957 3986 imperia
968 3903 1083 3984 patieu-

128 4011 172 4062 ter
183 4001 269 4072 terat,
289 4009 392 4061 tacent
408 4008 510 4060 tamen
527 4009 581 4061 aut
599 4009 730 4062 mussant
748 3999 893 4082 plerique,
912 4001 1016 4060 suimis
1031 4010 1084 4061 aut

129 4101 236 4160 viribus
252 4096 472 4159 imbecilliores.
514 4097 576 4158 Sed
593 4107 627 4158 et
641 4098 748 4179 quibus
761 4098 858 4158 ndbuc
882 4107 948 4158 estu
971 4099 1083 4177 majore

130 4219 218 4278 quam
228 4196 374 4260 modestia
386 4198 528 4278 parcitur,
539 4195 610 4256 dum
624 4217 742 4258 securos
752 4205 785 4258 et
796 4198 932 4258 incautos
943 4195 1083 4278 eliquan-

130 4295 168 4355 do
185 4295 296 4376 quoeris
315 4294 435 4356 ooeusio
451 4295 602 4374 subjuget,
617 4294 718 4356 aliena
731 4294 824 4368 mala,
839 4280 980 4374 tanquam
999 4294 1038 4356 ad
1051 4315 1083 4354 se

132 4393 247 4452 minime
265 4400 452 4474 perventura,
470 4392 558 4452 otiosi
573 4392 726 4474 quietique
740 4392 901 4453 intuentur.

170 4495 221 4549 13.
234 4499 242 4526 ‘
253 4487 372 4552 Idcirco
380 4498 483 4551 teeoee
497 4491 728 4551 unumomnium
740 4491 943 4570 eognovimus,
955 4508 1043 4569 aquo
1050 4497 1082 4548 et

1147 554 1235 623 ⁴513
