3300 5225
361 578 465 629 ιιιιι
491 580 640 632 cxxxi.
662 581 988 635 ιιιιιιιιιιιυιι.
1159 571 1248 638 4609

129 726 192 806 ipso
207 724 320 807 populo
334 722 476 787 Romano
492 732 598 787 testem
611 726 816 809 producemus,
836 732 1002 813 etquidem
1020 735 1085 794 uni-

130 823 238 883 versol
281 820 406 904 Semper
429 824 519 896 enim,
537 834 569 885 et
588 824 618 885 in
637 828 717 887 omni
741 848 783 900 re,
797 828 878 908 quod
891 831 1006 911 optima
1024 829 1084 892 lide

129 929 244 998 gestum
256 929 314 991 est,
328 920 360 979 id
372 919 482 995 Attica
494 932 606 1001 gestum
620 923 754 985 Romani
767 926 870 987 soletis
880 926 990 989 dicere.
1021 974 1025 980 .
1096 950 1250 1001 Velinus.

146 1024 221 1077 ,ιι
243 1017 347 1085 ‘Quae
366 1038 436 1079 vero
457 1030 560 1081 contra
576 1022 719 1083 barbaros
740 1026 869 1104 majores
886 1026 978 1085 nostri
998 1029 1087 1088 toties

129 1135 254 1194 genera,
268 1134 438 1196 quanquam
457 1116 534 1178 sorte
554 1118 699 1181 invidiosa
711 1142 774 1181 esse
792 1122 833 1181 ob
853 1123 1084 1202 magnitudinem

129 1214 233 1291 gloriae
241 1204 412 1286 videantur,
426 1224 536 1287 tamen,
550 1217 622 1297 quia
640 1238 694 1299 pro
707 1220 814 1279 misera
832 1221 1004 1300 posteritate
1022 1242 1085 1281 mu-

123 1310 226 1387 jorum
251 1308 382 1389 allegare
406 1313 545 1373 virtutem
567 1314 698 1395 prodest,
726 1315 984 1377 commemoranda
1006 1328 1083 1377 sunt.

130 1405 191 1466 Sed
218 1406 296 1467 unde
320 1409 529 1489 potiusquam
555 1411 658 1471 abiis
684 1413 865 1493 temporibus
889 1412 1084 1494 gentibusque

128 1503 311 1575 ordiemur,
303 1525 333 1564 ιι
346 1508 534 1585 quibuscum
555 1517 652 1570 vester
674 1508 784 1590 aliquis
801 1508 888 1570 dolor
910 1508 1010 1581 luerit,
1028 1513 1085 1571 erit

129 1602 232 1682 aliqua
247 1602 338 1662 etiam
358 1623 397 1661 ex
421 1604 516 1665 relata
534 1604 659 1665 hostium
683 1606 794 1666 ultione
808 1606 957 1687 voluptas.
999 1606 1085 1667 Galli
1112 1614 1150 1732 Pts
1151 1628 1237 1664 ι.ιιιι
1227 1632 1247 1668 ι.

129 1721 197 1761 cum
225 1700 325 1761 Italiae
348 1720 485 1781 magnam
510 1712 636 1784 partem,
660 1722 729 1763 mox
753 1704 845 1764 etiam
872 1681 1150 1765 Macedonianum*

130 1798 374 1879 Graeciamque,'
367 1802 525 1861 innumeris
538 1801 631 1881 copiis
643 1802 865 1882 oppressissent,
885 1801 925 1862 ad
942 1800 1085 1862 'l'hermo-

129 1896 218 1975 pylas
230 1898 359 1976 majores
376 1898 466 1957 nostri
488 1907 697 1958 occurrerunt:
719 1906 857 1979 terreque
880 1908 912 1959 et
930 1901 1005 1959 mari
1024 1898 1085 1963 for·

128 1992 240 2053 tissime
274 1994 464 2067 dccertundo,
497 2014 635 2113 magnam
662 1995 836 2056 Graecorum
866 1995 1085 2057 multitudinem

129 2100 295 2161 servarunt.

167 2193 221 2248 36.
243 2186 350 2255 ‘Quid
371 2188 587 2268 antiquioribus
607 2188 706 2249 adhuc
730 2188 923 2270 temporibus,
941 2210 961 2249 n
975 2190 1041 2261 Dii,
1054 2202 1085 2251 et

130 2294 234 2345 custos
246 2284 327 2343 urhis
340 2283 498 2345 Minerva!
516 2304 584 2364 quae
597 2294 659 2345 tum
678 2286 748 2346 urbs
758 2294 814 2345 aut
826 2286 908 2364 regio
921 2297 974 2346 ιιι
986 2287 1084 2348 insula
1216 2298 1223 2314 ·

130 2402 224 2463 prope
237 2379 362 2461 longene
376 2381 444 2452 fuit,
462 2401 530 2462 quae
550 2402 608 2442 nou
626 2382 729 2462 aliquo
750 2382 895 2465 pwclaro
915 2382 1084 2445 Athenien·
1180 2390 1186 2399 '

126 2481 202 2539 aium
216 2478 348 2539 facinore
366 2478 594 2540 nobilitaretur?
637 2480 811 2557 Marathon,
828 2481 962 2542 victoriae
983 2480 1083 2542 Medi·

125 2597 170 2638 ιι
193 2586 338 2638 eternum
359 2586 590 2650 monumentum,
611 2596 649 2638 ex
671 2578 766 2640 oculis
787 2578 939 2640 hominum
959 2587 990 2639 et
1012 2598 1084 2659 agro
1111 2596 1237 2652 snm,

125 2686 231 2738 nostro
243 2675 336 2736 deleri
349 2677 475 2757 poterit:
497 2677 669 2736 ememnria
682 2675 803 2757 quidem
818 2696 915 2736 rerum
935 2685 1083 2755 gestarum
1096 2669 1190 2778 Ρεοοξ·

124 2785 156 2834 ιι
188 2774 385 2834 admiratione
417 2773 597 2855 posteritatis
620 2793 772 2854 nunquam
797 2772 955 2833 delebitur.
997 2774 1083 2840 Quid

125 2872 236 2933 derude
246 2871 472 2944 Themistocles
494 2881 526 2932 et
537 2871 667 2932 frater
641 2891 706 2950 eJus
718 2870 904 2950 Agesilaus?
946 2871 1083 2939 Quorum
1112 2894 1141 2943 p}
1142 2895 1236 2946 ,m

124 2969 186 3040 hic,
214 2967 371 3029 interiecto
394 2969 527 3049 principe
551 2977 777 3049 purpuratorum
802 2966 973 3038 Mardonio,
993 2987 1083 3048 quem
1095 2959 1213 3012 ¹⁸¹¹·‘5-2·

126 3067 268 3126 Xerxem
292 3085 356 3125 esse
377 3073 544 3146 putaverat,
568 3065 654 3144 quusi
677 3084 774 3143 regem
790 3064 856 3144 ¹hnc
873 3062 1000 3125 audacis
1023 3084 1083 3125 non

125 3163 198 3224 sads
211 3162 372 3234 terruisset,
386 3162 490 3242 injecit
501 3159 602 3221 foculo
616 3179 747 3232 manum,
766 3159 844 3222 tales
861 3157 1009 3220 affirmans
1019 3180 1081 3219 om·
1182 3238 1184 3241 Ι
1284 3235 1288 3242 Ι

125 3279 178 3320 nes
201 3257 403 3319 Athenienses
424 3276 506 3318 esse:
536 3277 594 3318 non
618 3256 760 3317 absimilis
786 3256 833 3317 illi
862 3257 979 3328 Mucio,
1005 3255 1083 3317 unde

124 3359 224 3418 adhuc
238 3355 443 3417 Scaevolarum
456 3354 572 3416 familia
584 3355 694 3416 Romoe
706 3353 860 3436 perdurat.

160 3461 215 3518 37.
237 3451 471 3514 ‘Themistoclis
494 3461 593 3513 autem
612 3461 674 3512 tam
694 3461 767 3514 nota
788 3462 858 3512 sunt
878 3450 1023 3520 facinora,
1050 3460 1083 3511 ut

124 3551 221 3612 omnis
238 3551 369 3610 historiae
390 3557 526 3631 oporteat
543 3569 606 3610 esse
627 3547 742 3620 rudem,
757 3548 808 3628 qui
822 3549 879 3608 ista
899 3567 961 3607 non
971 3556 1082 3608 teneat.

125 3647 378 3730 superbissimum
397 3649 476 3708 enim
493 3665 603 3725 regem,
617 3655 648 3706 et
669 3646 762 3706 tantis
782 3645 957 3706 instructum
975 3645 1081 3727 copiis,
1072 3657 1244 3773 ,plima

124 3754 254 3826 quantas
274 3753 328 3805 aut
340 3753 428 3804 antee
441 3753 493 3804 aut
507 3752 612 3826 postea
624 3743 731 3804 hahuit
751 3761 849 3814 nemo,
863 3741 958 3802 nobili
971 3742 1010 3808 ad
1024 3742 1082 3804 So·
1094 3794 1153 3840 ea

124 3841 238 3904 lamina
255 3841 359 3924 praelio
376 3841 483 3921 fregit:
504 3841 616 3903 deinde
637 3861 699 3902 reni
717 3840 817 3902 multis
829 3840 981 3900 millibus
973 3861 1082 3954 impro-

123 3943 194 4004 bam
217 3961 294 4003 unus
310 3940 435 4002 consilio
452 3939 586 4022 perfecit,
606 3950 640 4000 ut
657 3941 793 4000 universa
806 3937 930 4020 Europa
947 3940 1084 4002 mutuis

125 4041 226 4102 adhuc
246 4038 359 4100 viribus
378 4038 537 4099 subnixum
562 4037 736 4119 expelleret.
778 4035 895 4097 ‘l'heseo
917 4056 988 4098 vero
1006 4035 1083 4097 duee

125 4137 331 4199 Amazonicus
344 4155 468 4217 pugnus,
482 4145 514 4196 ιι
524 4134 668 4218 quicquid
684 4134 723 4195 ab
743 4153 779 4194 eo
792 4133 880 4194 heroe
893 4131 1006 4194 ιιιιιιιι
1026 4143 1082 4206 est,
1095 4149 1198 4203 Pensm.
1210 4169 1229 4202 ι,

125 4257 183 4296 non
196 4234 289 4296 modo
301 4243 386 4296 retus
409 4234 551 4294 memoria
572 4231 714 4313 loquitur,
734 4230 787 4291 sed
810 4229 919 4312 passim
937 4228 1082 4291 nobilium

125 4331 274 4394 unificum
287 4351 379 4413 opera
390 4330 611 4391 demonstrant:
633 4349 670 4388 ne
688 4331 754 4408 jam
768 4326 973 4408 Thrasybulos
985 4327 1081 4397 vobis,

125 4439 156 4490 et
175 4429 320 4491 Gnnonas
336 4428 530 4500 adducamus,
551 4436 582 4489 et
604 4428 781 4507 cinagiros,
802 4435 834 4486 et
856 4445 973 4486 omnem
998 4425 1081 4485 illam
