3300 5225
361 588 464 641 ulus!
491 586 666 637 nxxvm.
689 586 1016 641 florentissimum.

122 734 325 805 conscribunt,
339 734 414 798 nihil
427 752 603 815 magnopere
617 732 712 803 aliud,
730 753 821 815 qnam
841 753 974 795 erronum
991 736 1082 813 atque

123 831 339 911 suppliciorum
360 831 554 893 bumanorum
576 832 802 893 commentarios
814 839 933 892 'texere
975 830 1082 912 Atque

123 928 239 987 utinam
250 930 339 1009 hujus
352 938 445 991 tantae
457 928 640 991 calamitatis
650 948 772 990 caumm
785 938 820 990 ut
832 928 1009 1008 investigare
1023 948 1082 989 non

35 1028 39 1037 '
123 1023 259 1098 difficile,
274 1026 319 1087 ita
330 1025 434 1087 tollere
448 1036 594 1108 promtum
607 1027 702 1087 essetl
746 1025 808 1087 Sed
821 1047 876 1087 nos
887 1025 1000 1087 bellum
1012 1046 1081 1087 cnm

124 1132 232 1183 natura
243 1125 439 1205 suscepimus,
459 1126 582 1205 ejusque
600 1131 715 1185 certum
730 1132 761 1185 et
774 1122 989 1185 immutabilem
1001 1122 1081 1184 ordi·

123 1240 202 1292 nem,
221 1223 311 1301 cujns
332 1231 435 1283 auctor
455 1192 711 1303 statorqueiDeus
723 1230 778 1291 est,
792 1241 895 1301 ‘neque
908 1222 983 1281 seire
994 1240 1081 1283 cun·

122 1336 199 1387 mne,
215 1338 312 1397 neque
325 1318 490 1400 respicere:
512 1318 621 1380 deinde
634 1319 747 1399 optime
762 1317 900 1379 consulta
911 1317 990 1379 male
1001 1319 1081 1380 ceci-

122 1412 201 1473 disse
216 1415 324 1493 questi,
338 1435 393 1475 nos
404 1414 597 1487 absolvimus,
610 1414 707 1477 letum
729 1423 761 1476 et
780 1416 988 1495 nescioquam
1007 1414 1081 1476 For·
1138 1478 1142 1489 ,

123 1518 228 1570 tunam
244 1511 424 1571 incusamus.
508 1522 512 1528 '

163 1613 216 1667 18.
238 1606 337 1689 Atqui
352 1609 437 1669 nobis
449 1607 506 1669 boc
512 1610 581 1688 jem
593 1627 612 1667 a
625 1607 720 1689 primo
732 1626 829 1669 renuo
838 1606 990 1669 conditore
1003 1606 1080 1668 indi·

121 1710 187 1763 tum
209 1704 408 1786 insertamque
426 1703 536 1776 meret,
549 1712 594 1777 ut,
608 1705 661 1785 qni
680 1704 744 1765 baec
762 1705 863 1766 omnia
881 1705 969 1785 regit,
982 1724 1080 1786 neqm

122 1801 210 1862 bonis
233 1800 400 1875 adversum,
424 1822 521 1885 nequa
543 1802 756 1865 contumaciter
779 1803 879 1883 pravis
900 1801 1080 1884 placabilem

122 1898 291 1979 intelligere
305 1920 466 1981 ponemus·
508 1899 645 1961 Eundem
659 1908 745 1961 tenta
764 1920 828 1961 esse
841 1900 999 1982 sapientia,
1012 1909 1079 1961 tan-

122 1996 220 2076 tisqne
233 1997 346 2057 viribus
357 1998 503 2069 norimus,
517 2006 550 2056 ut
562 2016 657 2078 neque
675 1998 852 2077 cujusquam
870 2006 935 2057 astur
954 1998 1079 2059 cimam.
1114 2031 1118 2039 .

123 2092 230 2163 veniri,
244 2112 340 2173 neque
352 2095 419 2173 cogi
432 2094 566 2173 ingratiis
577 2102 678 2175 queat.
710 2091 839 2153 Omnem
851 2095 941 2173 igitur
951 2094 1080 2176 pmden·

123 2190 175 2249 tiae
197 2209 343 2251 summam
363 2210 400 2251 eo
423 2190 566 2263 recidere,
589 2200 633 2263 ut,
654 2190 799 2271 siquidem
818 2192 894 2251 bene
908 2191 995 2252 nobis
1015 2210 1080 2253 esse

123 2287 264 2443 (qelimns,
277 2288 356 2349 hune
370 2298 439 2349 ente
452 2290 552 2351 omnia
564 2288 712 2351 laventem
732 2290 952 2371 propitiumque
969 2290 1079 2349 babere

143 2385 297 2447 obeamus.

1155 570 1243 643 ⁴6⁶1

163 2450 817 2563 14.1120venaequersueiesunuoeeo
830 2482 1078 2545 rasomonorum
1151 2482 1154 2491 ⁴

124 2580 231 2642 insevit
242 2578 337 2642 Dens.
368 2580 415 2642 At
426 2582 560 2644 homines
572 2582 617 2642 bis
629 2582 784 2644 contemtis
797 2580 836 2643 ad
849 2581 994 2662 quelibet
1005 2581 1078 2654 alia,

123 2699 188 2759 quse
201 2679 347 2761 deceptor
360 2689 449 2761 atque
467 2679 610 2761 deceptus
629 2681 743 2740 animus
762 2680 905 2774 suggerit,
929 2678 1079 2740 lubentius

122 2785 282 2838 exerrant:
305 2788 336 2839 et
349 2797 417 2838 cum
429 2777 468 2842 de
481 2787 581 2840 cetero
593 2779 737 2839 absonum
753 2786 843 2858 etque
856 2776 1009 2856 indignum
1022 2797 1078 2858 pn·

123 2881 195 2945 tent,
209 2893 319 2956 pueros
331 2874 477 2956 sapientia
490 2895 549 2936 non
561 2875 691 2947 vincere,
700 2875 731 2934 in
740 2876 830 2936 rebus
841 2874 928 2954 longe
941 2875 1080 2944 maximis
1190 2905 1194 2916 ·

124 2969 153 3028 id
166 2971 257 3032 modo
276 2973 428 3053 pueriliter
447 2980 631 3054 anteponunt
646 2971 728 3054 quod
747 2973 778 3033 in
795 2973 953 3053 presentia
966 2975 1077 3052 jucnn-
1111 2994 1114 3003 ·

122 3065 276 3129 diximum
299 3069 444 3132 rideatur.
486 3071 569 3150 Ergo
591 3081 623 3132 et
641 3071 717 3132 inter
740 3090 912 3150 magnorum
932 3070 1078 3132 bellorum

123 3164 204 3227 initia
225 3167 413 3249 deprehensi,
432 3189 470 3228 eo
491 3169 664 3250 plerumque
682 3167 837 3239 inclinant,
855 3166 934 3228 unde
950 3168 1079 3249 presens

124 3261 223 3344 aliqua
247 3264 324 3325 lucri
342 3285 410 3347 spes
429 3265 570 3344 affulget:
592 3275 624 3327 et
644 3266 717 3328 dum
737 3267 826 3346 hujus
846 3266 1010 3346 potiantur,
1030 3265 1078 3326 fas

124 3359 283 3442 fidemque,
301 3372 332 3425 et
349 3364 374 3424 ai
393 3383 460 3444 quae
479 3363 539 3424 sliu
559 3359 740 3445 prrelereuda
752 3363 892 3426 omnibns
910 3374 1006 3436 erent,
1021 3384 1076 3446 pro

123 3459 216 3520 nihilo
235 3459 360 3522 ducunt.

163 3563 212 3617 lt.
234 3555 348 3638 Neque
361 3557 434 3618 mibi
447 3558 557 3638 aliquis
570 3557 747 3637 Saguntum,
762 3567 793 3618 et
809 3566 952 3638 preterea
964 3575 1077 3636 paucos
1135 3571 1144 3584 ·

124 3653 278 3732 objecerit,
292 3655 344 3734 qui
357 3675 410 3736 pro
423 3653 482 3714 fide
494 3663 630 3716 extrema
646 3674 772 3736 quaeque
793 3654 967 3736 perferendo
979 3655 1075 3734 perie-

124 3759 197 3810 runt.
250 3749 353 3829 louge
375 3754 470 3832 major
492 3771 593 3812 eorum
616 3761 661 3813 eat
682 3771 830 3824 numerus,
852 3773 927 3831 quos
947 3749 1077 3832 perdidit

125 3845 258 3914 perfidia.
292 3847 335 3907 Et
347 3855 459 3919 umen,
468 3849 493 3908 si
507 3868 560 3930 par
569 3849 701 3909 omnium
713 3859 835 3909 euentus
846 3847 960 3920 inisset,
973 3848 1076 3927 ingens

123 3941 352 4022 interutrosque
365 3944 519 4006 discrimen
537 3944 699 4005 communis
712 3945 857 4005 inveniret
867 3963 980 4014 sensns,
992 3943 1075 4024 quod

124 4037 208 4098 alteri
221 4041 370 4120 perierunt
383 4049 414 4100 et
429 4040 605 4111 lendantnr3
627 4039 713 4102 elteri
726 4059 782 4100 nec
794 4039 965 4111 laudantur,
977 4048 1010 4110 et
1022 4061 1074 4120 pe·

124 4134 242 4196 oenus.
295 4134 357 4196 Sed
380 4137 468 4208 bene,
491 4137 571 4218 quod
595 4137 718 4198 meliora
740 4137 914 4218 plerumque
935 4135 1076 4216 exempla

126 4229 204 4292 ielici
217 4231 302 4293 exitu
321 4232 446 4292 donavit
459 4232 559 4293 Deus:
582 4242 616 4294 ut
636 4234 747 4314 quibus
770 4233 836 4295 hmo
853 4232 1027 4302 offeruntur,
1049 4233 1076 4293 si

125 4345 176 4386 sna
188 4339 291 4408 sponte
306 4329 458 4388 boneemm
474 4349 573 4390 amare
592 4330 698 4401 nolint,
711 4329 818 4391 saltem
834 4328 973 4389 utilitatis
985 4347 1076 4395 cauas

104 4499 111 4508 Ι
125 4423 335 4503 turpitudinem
347 4425 486 4486 vitiorum
498 4427 583 4506 sequi
596 4425 761 4487 dediscant.

164 4527 214 4584 16.
229 4521 429 4586 Mithridatici
440 4523 530 4588 etiem
542 4523 616 4586 belli
627 4523 745 4598 casibus
756 4523 820 4588 buc
834 4521 1073 4607 approbatores·
