3300 5225
361 583 468 634 nrnnr
494 579 695 632 nxxxvrrr.
718 577 1044 632 surrnsnsnrnrr.
1173 558 1262 628 4703

184 735 236 792 33.
257 727 424 798 Lucretius,
444 727 599 788 Praeneste
622 734 753 807 recepto,
774 733 924 786 senatores
943 721 1098 784 Romanos
1109 728 1217 798 Appias.

144 847 219 908 quos
232 827 274 887 ibi
286 833 447 906 repererat,
461 823 567 904 partim
581 821 740 894 interfecit,
752 822 828 882 alios
840 821 968 901 conjecit
987 821 1017 879 in
1030 818 1096 878 vin·

136 923 223 994 ¹cula,
246 922 341 982 donec
360 921 448 1002 Sylla
469 920 645 981 advenisset.
688 919 749 980 Ille
767 941 825 980 non
841 919 894 979 diu
906 927 1053 990 contatus,
1066 926 1098 978 et
1109 928 1184 980 Oros.

145 1020 224 1090 illos,
238 1029 270 1080 et
286 1027 435 1100 quotquot
450 1017 552 1096 legati,
571 1027 740 1098 quaestores,
760 1015 906 1099 preelecti,
926 1015 1098 1096 tribunique

44 1141 45 1146 ¹
142 1120 272 1198 partium
282 1117 400 1178 illarum
412 1116 540 1188 inierant,
554 1116 674 1177 occidit.
717 1115 853 1187 Ceteros,
863 1135 915 1195 spe
927 1113 1031 1178 salutis
1044 1134 1097 1195 per
1126 1123 1182 1178 Vel.
1191 1125 1259 1178 Mu.

142 1214 184 1276 P.
204 1215 373 1294 Cethegum
385 1213 469 1285 data,
483 1216 513 1274 iu
525 1234 648 1296 campos
660 1213 797 1295 progredi
808 1215 910 1293 jussit.
951 1211 1096 1291 Progres-
1108 1195 1216 1320 ffppffu·

141 1316 179 1374 sis
191 1314 308 1374 exemit
320 1311 480 1373 mnodum
492 1331 613 1392 paucos,
624 1333 748 1393 qnorum
759 1310 921 1392 aliquando
929 1330 1000 1370 usus
1005 1328 1098 1390 opera

143 1409 251 1470 luerat.
293 1407 458 1489 Reliquam
471 1407 690 1469 multitudinem
703 1409 797 1469 tribus
809 1408 975 1487 agminibus
986 1406 1097 1467 discer-

142 1507 170 1565 ni
188 1507 348 1588 imperarit
358 1527 367 1576 ς
390 1515 424 1566 ut
440 1507 559 1566 seorsim
575 1505 718 1577 Romani,
736 1505 856 1566 seorsim
876 1503 1036 1574 Samnites,
1051 1511 1097 1564 at·

141 1623 197 1682 que
211 1603 394 1664 Praenestini
406 1602 606 1663 consisterent.
636 1601 713 1662 Tum
722 1601 912 1668 denuntiavit
922 1621 975 1682 per
984 1621 1097 1681 prusco-

141 1719 206 1759 nem
229 1697 391 1770 Maianis,
413 1707 463 1758 ‘et
482 1701 560 1779 ipsos
582 1707 706 1758 mortem
720 1717 782 1759 esse
795 1699 995 1768 commeritos,
1015 1705 1097 1756 cete·

139 1815 202 1856 rum
217 1817 273 1856 suo
286 1795 433 1858 beneficio
447 1795 510 1857 lore
524 1796 643 1858 salros!
687 1795 835 1856 Samnites
847 1805 879 1856 et
896 1794 974 1855 alias
985 1795 1097 1875 ubique
1306 1865 1308 1870 .

139 1901 242 1957 omnes
253 1895 418 1958 interlicere
430 1895 544 1968 solitus,
558 1896 639 1977 quod
651 1903 836 1978 compertum
853 1894 963 1954 babere
974 1893 1097 1955 dictita·
1124 1905 1210 1956 smbo
1221 1921 1248 1959 v.

140 1993 202 2064 bat,
226 1996 394 2054 ‘neminem
417 1993 601 2064 Romanum,
622 1991 762 2054 incolumi
781 1991 915 2065 Samnio,
933 1999 1031 2054 tutum
1044 2000 1096 2051 aut
1109 1985 1134 2036 Ρ·
1146 1975 1204 2026 ²⁴⁹·

139 2093 275 2171 quietum
289 2091 372 2162 lore,'
385 2111 443 2152 non
459 2090 610 2152 dubitarit
621 2090 661 2151 ad
675 2109 765 2150 unum
778 2107 881 2150 omnes
891 2087 1016 2149 caedere.

178 2196 231 2250 34.
253 2188 507 2268 Praenestinorum
519 2190 614 2270 primo
626 2187 769 2267 singulos,
782 2206 875 2248 causo
882 2186 1013 2268 cognite,
1026 2186 1097 2248 duci
1108 2199 1176 2252 Prot

106 2365 107 2370 η
139 2279 357 2368 imperarent:
378 2286 486 2347 deinde
510 2287 670 2365 cognitioni
689 2305 720 2346 se
740 2305 849 2347 vacare
868 2304 954 2366 posse
973 2303 1094 2364 negans,

139 2385 303 2455 universos,
317 2405 486 2466 quanquam
504 2383 637 2466 plerique
655 2386 786 2444 insontes
803 2392 899 2454 erant,
913 2391 1028 2442 armato
1039 2382 1095 2442 mi·
1106 2387 1216 2504 Appia

138 2479 188 2541 lite
201 2482 329 2554 cinctos,
348 2483 464 2560 sagittis
470 2481 640 2562 jaculisque
658 2479 778 2560 conligi,
792 2490 846 2541 aut
857 2478 976 2540 concidi
988 2478 1097 2557 gladiis
1107 2470 1216 2571 mm·
1227 2471 1259 2509 ¹¹·

137 2581 292 2661 precepit
333 2579 387 2641 Ad
399 2579 557 2641 duodecim
572 2579 723 2641 bominum
737 2578 834 2639 millia
846 2579 890 2641 sic
903 2577 1094 2639 interierunt:
1107 2583 1160 2635 Lis.
1175 2585 1198 2635 E
1215 2585 1244 2639 't.

137 2694 263 2756 quorum
276 2678 407 2758 quinque
420 2676 517 2739 millia
530 2676 732 2738 Praenestinos
742 2676 834 2737 luisse
846 2677 977 2757 reperio:
1000 2676 1094 2752 (oete-
1107 2651 1190 2769 Vsslgt'
1202 2666 1260 2767 ἢ

136 2792 169 2831 ra
180 2772 343 2833 multitudo
354 2772 543 2845 Samnitium,
557 2775 671 2855 opinor,
683 2773 752 2852 luit)
764 2774 815 2833 uni
828 2782 955 2843 tantum,
966 2790 1095 2852 quocum
1106 2779 1177 2830 Max.

137 2866 179 2928 illi
187 2871 243 2948 jus
256 2869 375 2951 hospitii
392 2868 500 2943 luerat,
518 2869 723 2931 incolumitate
734 2888 884 2931 concessa.
926 2868 1029 2936 Quam
1042 2866 1095 2927 ille
1106 2842 1259 2974 Jfflplk

137 2951 256 3026 fortiter⁴
265 2975 448 3046 aspernatus,
470 2975 479 3003 ‘
494 2986 590 3047 neque
604 2986 635 3027 se
647 2966 772 3028 salutem
786 2966 891 3048 patria:
901 2983 962 3024 suae
974 2962 1095 3046 publico
1107 2973 1183 3041 Reip.
1190 2973 1250 3025 Get.

137 3060 268 3123 carnifici
288 3061 474 3123 debiturum’
494 3063 606 3136 dicens,
624 3063 784 3125 immiscuit
801 3084 832 3123 se
848 3061 966 3123 civibus
976 3062 1048 3134 suis,
1062 3069 1095 3121 et
1106 3044 1180 3091 ⁰⁴¹·

138 3158 215 3220 inter
240 3180 293 3221 eos
314 3160 429 3221 occisus
454 3170 508 3222 est.
552 3160 731 3223 Mulieribus
754 3170 869 3221 tantum
895 3168 927 3220 et
947 3158 1093 3240 impuberi
1106 3168 1215 3235 Appium

138 3257 218 3316 atati
230 3257 363 3339 pepercit
371 3255 471 3339 Sylla,
481 3257 596 3319 crudeli
607 3256 819 3329 misericordia,
828 3277 897 3317 cum
906 3257 1016 3338 quibus
1023 3274 1094 3316 corr·

137 3362 264 3414 cessem
275 3354 378 3425 vitam,
391 3356 462 3415 vitre
471 3374 540 3416 usus
550 3354 717 3417 ademimet.
749 3354 835 3417 Nam
848 3353 992 3436 oppidum
1006 3352 1094 3434 longe
1122 3358 1208 3407 Strabo
1219 3372 1245 3408 v.

136 3445 311 3511 ditimimum
325 3472 362 3512 ea
373 3460 549 3535 tempestate
563 3452 706 3535 diripuit:
728 3474 831 3533 agrurn
844 3454 1022 3536 publicarit.
1105 3439 1132 3490 Ρ·
1142 3427 1201 3476 ²⁸⁹·

175 3552 228 3607 33.
248 3546 321 3608 Jam
333 3549 411 3610 enim
424 3548 528 3609 desitis
540 3548 602 3610 lere
618 3550 798 3631 singulorum
818 3551 970 3611 bominum
988 3550 1093 3631 poenis,
1105 3571 1171 3624 rior.

136 3644 297 3727 municipia
321 3644 511 3727 coloniasque
537 3656 570 3708 et
593 3648 729 3709 civitates
759 3649 890 3727 integras
915 3646 1093 3720 mulctabat,
1106 3636 1226 3752 ¹⁰³¹?-

137 3739 262 3802 aliarom
283 3742 401 3804 aredius
418 3744 600 3805 moenibusve
617 3744 736 3818 dirutis,
757 3744 824 3805 aliis
838 3744 922 3825 gravi
936 3744 1094 3805 exactione
1105 3737 1128 3816 Ᾰ
1139 3717 1214 3833 ’μζ

135 3838 301 3919 oppressis:
322 3838 461 3921 quasdam
473 3840 565 3901 etiam
578 3841 634 3902 snb
647 3841 733 3903 basta
745 3842 913 3913 venierunt,
929 3838 1093 3913 Florentia,
1133 3848 1170 3885 ⁰¹·

136 3930 312 4014 Spoletium,
341 3936 526 4009 Interamna,
548 3946 589 4011 et,
612 3937 729 4020 dequo
749 3937 845 3999 multu
864 3942 932 4018 jam
950 3937 1093 4009 diximus,

136 4028 300 4093 Praeneste.
342 4032 449 4094 Sulmo
468 4052 599 4115 quoque,
620 4034 700 4095 Latii
721 4044 807 4096 vetus
824 4045 856 4096 et
876 4033 988 4095 clarum
1006 4033 1093 4114 oppi-

137 4124 215 4199 dum,
238 4129 409 4210 priusquam
433 4140 635 4211 expugnatum
656 4140 744 4204 esset,
764 4131 939 4192 damnatum
954 4129 1256 4210 diruiqucpnn.111‚r‚

132 4222 255 4298 jussum,
268 4244 337 4287 curn
355 4225 423 4286 aliis
434 4227 569 4307 eJusdem
581 4228 711 4309 regionis
724 4228 854 4311 oppidis,
875 4229 914 4288 ab
935 4227 996 4287 illis
1016 4236 1092 4288 tem-
1105 4212 1169 4265 ³¹⁰¹·

138 4320 252 4396 poribus
263 4341 327 4381 esse
339 4321 436 4385 desiit.

101 4420 105 4427 '
176 4422 224 4477 36.
248 4416 330 4479 Haec
340 4421 440 4481 omnia
453 4420 587 4485 Rommi
600 4422 744 4504 sociique,
760 4442 815 4483 nec
828 4423 987 4494 immerito,
996 4422 1091 4503 putic-
