3300 5225
878 548 913 599 Τ.
932 546 1031 601 tlvu

557 689 693 757 uariat
721 691 981 774 squammeopic
1007 696 1217 773 praeeunt.
1256 684 1508 751 meabilis

557 788 690 850 verubus
705 789 938 869 centonibusque
953 788 1095 869 oppansis
1114 786 1226 867 impetu
1242 782 1340 845 fracto
1358 782 1508 845 cadebant

557 886 651 948 irrita.
692 884 783 947 Nihil
804 886 944 968 denique,
964 884 1048 966 quod
1068 886 1197 947 bumana
1216 903 1370 962 suggerere
1390 889 1508 947 autex·
1617 923 1619 934 .

557 983 629 1063 equi
651 981 795 1043 industria
813 984 919 1064 possit,
939 1002 959 1043 a
979 981 1138 1064 Cyzicenis
1154 981 1355 1042 omittebatur.
1395 978 1509 1060 Neque

557 1088 658 1141 tumen
682 1080 829 1162 prohiberi
847 1081 956 1162 potuit,
974 1100 1013 1141 ne
1035 1100 1107 1161 pars
1127 1079 1266 1141 moemum
1288 1096 1432 1139 succensa
1452 1078 1508 1137 sub

514 1180 521 1193 '
558 1196 713 1258 vesperam
732 1177 912 1239 concideret.
961 1175 1024 1237 Sed
1044 1176 1147 1249 bostis,
1163 1196 1201 1237 ns
1220 1195 1273 1257 per
1289 1174 1389 1235 mnus
1404 1176 1508 1234 irrum-

557 1282 652 1355 peret,
670 1272 775 1335 ardore
788 1273 917 1335 incendii
934 1274 1101 1334 vetabatur.
1142 1271 1263 1333 Idcirco
1274 1271 1409 1352 sequenu'
1421 1279 1510 1332 nocte

557 1370 682 1441 obsessi,
700 1370 761 1431 alio
779 1370 963 1431 munimento
977 1370 1124 1441 excimtn
1141 1367 1314 1431 clauserunt
1327 1368 1440 1429 locum.

597 1472 649 1527 13.
672 1465 877 1539 Mithridates,
897 1486 985 1529 runa
997 1466 1225 1547 oppugnationis
1237 1462 1341 1525 dolore
1353 1482 1446 1543 ager,
1457 1482 1510 1525 va·

558 1562 602 1625 rie
613 1582 646 1623 se
658 1563 829 1644 torquebat,
842 1583 902 1625 uon
914 1564 1012 1625 solum
1023 1564 1132 1625 virmte
1143 1563 1338 1634 obsessorum,
1354 1560 1408 1621 sed
1419 1561 1512 1623 eu'snr

557 1658 677 1719 casibus
689 1660 821 1731 territus,
840 1680 916 1740 quos
931 1660 1067 1740 plerique
1085 1658 1269 1721 adferentis
1281 1656 1442 1739 Cyzicenis
1457 1676 1512 1721 uu·

397 1778 520 1836 mou,
558 1755 640 1815 mina
660 1753 838 1817 referebant.
878 1756 1071 1835 Aristagoras
1089 1754 1181 1825 enim,
1196 1754 1249 1835 qui
1264 1753 1295 1814 iu
1315 1773 1431 1814 summo
1448 1772 1513 1814 ma·

397 1876 465 1931 pm,
559 1850 685 1929 gistratu
701 1850 806 1932 populi
819 1851 939 1929 agebat,
954 1849 1167 1931 Proserpinam
1182 1850 1308 1911 astiti*
1324 1850 1383 1910 sibi
1393 1850 1424 1909 in
1435 1868 1514 1912 sors·

561 1948 620 2007 niis
642 1948 802 2019 asserebat,
825 1945 986 2020 dicentem,
1007 1947 1171 2007 ‘adversus
1186 1945 1334 2008 Ponticos
1353 1946 1515 2018 tubicines,

560 2042 701 2105 Africum
728 2066 761 2105 se
786 2044 939 2105 tibicinem
963 2044 1172 2125 comparasse!
1222 2043 1406 2105 Mirantibm
1435 2044 1515 2108 bant

559 2158 665 2203 vocem
683 2141 855 2223 Cyzicenis,
872 2142 928 2201 sub
945 2142 1069 2224 primam
1087 2139 1185 2203 lucem
1205 2140 1398 2201 iutrrmesoere
1420 2160 1515 2210 mare,

559 2240 716 2319 ventisque
735 2238 921 2299 sibilantibus
934 2238 1080 2299 machinae
1096 2236 1220 2299 stridere
1233 2246 1394 2318 oeperunt.
1436 2236 1516 2299 Men

561 2334 728 2395 incredibili
743 2336 931 2397 vehementia
941 2344 1062 2395 coortus
1077 2342 1177 2395 auster
1191 2341 1288 2395 turres
1303 2334 1443 2405 bertium,
1469 2333 1516 2395 is·

562 2440 608 2493 ter
628 2452 704 2512 quus
720 2442 753 2493 et
767 2431 853 2492 illam
871 2433 1015 2512 insignem
1031 2440 1151 2492 ceutrrrn
1165 2432 1331 2493 cubitorum
1345 2430 1516 2504 ultinrdine,

459 2540 466 2553 '
500 2576 507 2593 .
562 2538 711 2592 momento
728 2528 866 2610 disjecit;
886 2538 919 2590 et
937 2530 1089 2591 machinas
1106 2528 1236 2610 reliquus
1255 2529 1298 2589 ita
1314 2529 1472 2601 lacerarit,
1484 2537 1517 2590 ut

563 2626 684 2687 inutiles
695 2626 897 2688 redderentur.
939 2625 1095 2688 Iliensium
1104 2647 1224 2708 quoqne
1236 2626 1338 2687 multis
1346 2627 1518 2708 appamiae

564 2743 617 2804 per
629 2724 759 2805 quietem
778 2722 926 2784 Minervae
941 2724 1071 2804 speciem
1089 2723 1198 2796 lerunt,
1215 2722 1310 2784 multo
1327 2723 1437 2784 sudore
1452 2744 1517 2785 ma·

542 2821 672 2892 ‘nautia
685 2830 860 2902 ostensaque
873 2820 955 2902 pepli
964 2829 1048 2902 parte
1060 2820 1207 2902 disrupta,
1216 2821 1352 2893 dicentis,
1366 2820 1518 2883 ‘medeae

564 2918 605 2978 ab
616 2939 673 2999 ope
687 2916 846 2999 Cyzicenis
857 2916 979 2978 ferenda
991 2917 1119 2979 reverti!
1390 2975 1394 2983 .

604 3020 656 3075 14.
676 3012 776 3074 Aliud
789 3013 899 3074 deinde
912 3013 1087 3075 miraculum
1099 3022 1206 3095 captus
1218 3013 1426 3094 superstitione
1438 3034 1517 3076 rum·

463 3130 469 3142 ·
504 3161 513 3182 ,
562 3117 621 3182 tes,
631 3131 685 3191 pro
696 3109 880 3171 diversarum
892 3111 1022 3191 partium
1034 3109 1151 3182 strrdiis,
1164 3119 1284 3191 speum
1292 3118 1373 3171 metu
1382 3110 1519 3192 replevit.

566 3205 710 3286 Cyziceni
723 3207 875 3288 praeeipua
891 3207 1033 3288 religione
1052 3207 1266 3289 Proserpinam
1283 3209 1517 3278 venerabuntur3

565 3303 616 3362 cui
628 3313 659 3363 et
678 3303 718 3363 ab
738 3302 817 3364 Jove
840 3302 919 3364 dotis
937 3305 1055 3365 nomine
1075 3303 1178 3365 dutum
1197 3303 1325 3365 inmlsm
1341 3305 1520 3368 aserebant.

571 3397 611 3458 Ei
625 3401 783 3480 quotannis
792 3419 889 3462 vacca
899 3401 985 3480 nigra
997 3399 1151 3462 faciebant
1160 3420 1169 3462 ε
1179 3400 1285 3462 etdies
1293 3401 1522 3464 solennissscri·

568 3493 630 3556 fioii
641 3494 754 3569 ederat,
766 3516 821 3557 uec
828 3497 978 3558 deamata
987 3495 1064 3558 Dea
1072 3498 1170 3559 bostis
1178 3498 1373 3578 suppetebat3
1385 3497 1442 3559 sed
1451 3517 1521 3560 cun

566 3599 665 3653 cetero
679 3592 899 3673 Cyzicenorum
909 3601 1043 3668 armento
1055 3603 1137 3655 trans
1145 3593 1253 3655 fretum
1263 3595 1295 3654 in
1304 3595 1435 3676 pascuis,
1447 3603 1481 3656 et
1491 3596 1521 3655 in

567 3697 714 3770 potestate
725 3689 855 3750 bostium
866 3698 941 3751 erat.

608 3791 658 3846 15.
679 3783 800 3846 Idcirco
809 3794 844 3844 ut
854 3785 992 3848 humanis
999 3785 1123 3866 ingeniis
1133 3785 1520 3868 procliveestcultusdiri-

442 3910 457 3942 u
502 3907 557 3942 ην.
568 3881 598 3939 ni
610 3881 808 3960 magisterium
821 3882 878 3942 sibi
895 3903 1009 3943 sumere
1017 3903 1027 3953 ;
1046 3882 1262 3955 Messeniorum
1275 3891 1364 3963 utque
1378 3883 1521 3945 Lacedae·

568 3979 731 4038 mouiorum
745 3977 897 4061 exemplo,
915 3981 968 4061 qui
984 3987 1105 4041 centum
1116 3979 1251 4060 tripodas
1261 3987 1390 4040 statuere
1401 3980 1490 4059 jusvi,
1503 4001 1522 4039 e

568 4073 649 4153 ligno
662 4081 715 4134 aut
724 4074 787 4134 luto
800 4073 944 4148 lecerunt,
957 4085 1100 4157 pastame
1112 4074 1210 4136 tenua
1219 4075 1382 4136 formarunt
1393 4078 1425 4136 in
1436 4077 1523 4137 boris

569 4167 718 4248 figuram..
745 4171 875 4254 Jamque
901 4173 1102 4235 admonebant
1125 4173 1202 4236 aris:
1230 4194 1298 4234 cum
1318 4194 1372 4254 per
1391 4173 1521 4234 medinm
1618 4232 1619 4237 ,

570 4267 671 4327 urbem
693 4288 779 4329 cursu
799 4268 891 4330 lertur
911 4289 983 4330 vera
1002 4270 1136 4343 victima,
1155 4289 1233 4350 quae,
1251 4269 1358 4332 relicto
1374 4279 1521 4340 umento,
1618 4326 1619 4337 2

570 4362 636 4423 sola
660 4385 712 4446 per
737 4365 865 4428 bostium
886 4365 1012 4429 classem
1032 4366 1071 4430 de
1090 4368 1240 4430 montibus
1257 4365 1465 4441 duumrm
1483 4385 1522 4427 ne
1618 4342 1619 4435 l
