3300 5225
868 505 902 554 Ψ.
929 505 1021 554 blllll

555 657 620 718 ως
650 644 689 709 0.
717 647 849 709 Marium
869 649 1059 731 multiplicati
1083 650 1220 720 bonores,
1248 649 1437 730 amplissime
1459 669 1505 708 res

553 754 656 824 gesta,
677 745 877 827 triumphatus
890 745 1049 826 Jugurtlra,
1070 747 1140 806 urbs
1155 755 1186 806 et
1204 745 1298 806 Italia
1316 745 1397 806 baud
1415 744 1505 807 dubie

552 851 736 915 mnserrata,
750 863 809 903 non
821 842 1039 904 defenderunt?

592 946 645 1000 18.
667 939 746 999 ‘Fas
757 948 857 1000 tamen
872 938 1057 1022 quorundam
1071 939 1177 1000 animis
1188 940 1253 1001 haec
1267 939 1371 1000 inuata
1383 959 1504 1018 genero

551 1035 634 1108 sitas,
648 1045 682 1096 ut
693 1035 822 1097 officinm
836 1045 1021 1118 anteponant
1031 1037 1201 1105 securitati3
1222 1037 1362 1096 attrivere
1373 1055 1441 1096 cunr
1454 1035 1505 1096 de·

523 1197 527 1202 ,
551 1132 671 1204 decore,
691 1153 781 1214 quam
799 1135 893 1215 perire
912 1155 965 1216 per
979 1134 1130 1206 virtutem,
1148 1134 1283 1194 acerbius
1297 1142 1410 1214 putent.
1453 1132 1505 1192 An

552 1231 628 1291 inter
639 1231 694 1290 bos
705 1251 763 1310 ego
774 1229 874 1291 locum
888 1251 923 1291 ac
937 1229 1043 1290 nomen
1057 1251 1183 1302 merear,
1198 1231 1219 1290 ii
1231 1230 1370 1300 viderint,
1381 1249 1505 1310 quorum

551 1347 672 1388 causam
685 1334 747 1386 tam
760 1327 884 1388 inrisam
897 1326 990 1398 domi,
1004 1347 1241 1408 summorumque
1249 1327 1402 1388 hominnm
1414 1335 1506 1386 morte

552 1433 606 1485 aut
613 1423 707 1484 exilio
719 1423 890 1496 terribilem,
904 1443 1091 1504 nequequam
1104 1423 1208 1485 timide
1218 1430 1505 1484 autcontantersns-

551 1522 695 1602 cepimus.
747 1518 810 1580 Sed
837 1541 933 1600 neque
956 1521 1045 1581 armis
1070 1520 1302 1582 adversariorum
1328 1519 1423 1602 petiti,
1451 1519 1507 1580 nisi

550 1626 668 1679 tentata
680 1617 787 1680 ultima
798 1638 863 1699 spe,
877 1617 1049 1698 reliquimus
1069 1620 1190 1688 urbem;
1213 1627 1245 1679 et
1265 1627 1368 1700 postea
1387 1617 1506 1678 minime

551 1714 761 1809 despondimus
773 1717 916 1786 animum,
930 1716 960 1775 in
974 1717 1094 1795 negotio
1107 1717 1198 1776 semel
1212 1717 1338 1797 probato
1356 1723 1506 1795 suscepto-

553 1833 612 1893 que
624 1813 674 1874 vel
684 1813 723 1874 ad
736 1823 902 1874 extremum
914 1814 1048 1895 spiritum
1062 1814 1283 1895 perseveraturi.

479 1926 485 1936 ’
593 1918 644 1973 19.
666 1911 730 1971 ‘Et
741 1910 888 1972 dederunt
902 1911 966 1983 Dii,
982 1922 1015 1971 nt
1033 1913 1184 1993 praemium
1197 1913 1267 1973 huic
1280 1919 1358 1971 esset
1370 1919 1506 1970 constan-
1520 1989 1522 1994 ι

552 2009 615 2082 tire,
627 2019 816 2090 emptumque
832 2012 989 2092 pmbatum
1003 2009 1172 2070 numinibus
1186 2008 1317 2070 secunde
1335 2009 1435 2070 statim
1448 2007 1506 2068 lor-

551 2116 626 2168 tuna
645 2116 824 2187 sequeretur.
867 2106 963 2178 Nam,
978 2109 1028 2187 qui
1044 2105 1124 2188 apud
1135 2105 1272 2187 Capuam
1292 2115 1367 2176 crat,
1386 2105 1507 2166 fortini·

552 2224 618 2266 mus
642 2205 801 2274 exercitus,
828 2205 953 2265 tribunis
972 2204 1179 2286 praelectisque
1202 2212 1235 2264 et
1253 2205 1367 2285 optimo
1389 2225 1506 2285 qnoque

552 2301 777 2384 manipularium
790 2301 829 2362 ad
839 2304 949 2363 bonam
959 2323 1078 2363 causam
1089 2303 1167 2363 ultro
1178 2301 1400 2373 accedentibus,
1409 2322 1507 2363 sacra-

464 2448 466 2451 .
552 2411 653 2460 mento
673 2401 745 2460 mibi
766 2410 884 2479 rogetus
906 2410 967 2470 est;
990 2412 1021 2461 et
1038 2400 1228 2472 Praenestini,
1249 2399 1400 2470 Tiburtes,
1417 2401 1508 2460 ceteri

541 2496 688 2579 ¹plerique
710 2497 824 2579 populi,
849 2498 900 2578 qni
927 2498 1001 2558 inter
1022 2497 1157 2579 Capuam
1173 2506 1205 2557 et
1226 2496 1342 2556 Urbem
1360 2497 1508 2576 interjecti

551 2604 630 2668 sunt,
643 2596 742 2657 omnia
754 2595 894 2677 polliciti,
908 2594 989 2656 haud
1000 2594 1213 2676 aspernandam
1223 2594 1354 2676 pecnmae
1363 2614 1508 2656 summum

551 2693 749 2754 contulerunt.
792 2693 875 2755 Aliis
894 2694 984 2755 etiam
1005 2694 1114 2775 passim
1134 2693 1346 2753 inclinantibus
1366 2692 1405 2752 ad
1425 2712 1508 2753 com·

552 2812 671 2852 munem
689 2812 821 2864 causam,
841 2812 892 2853 ees
911 2792 1080 2873 propediem
1097 2791 1199 2873 copias
1221 2790 1350 2861 habebo,
1368 2790 1509 2852 adversus

552 2910 628 2971 quas
640 2890 752 2950 inimici
771 2898 922 2969 nequeant
934 2888 1102 2951 comitere.
1354 2902 1359 2909 '

592 2993 643 3046 20.
665 2997 673 3021 ‘
688 2986 772 3071 Nam
786 2995 821 3046 ut
833 2987 944 3067 impetu
957 2988 1062 3067 magis,
1072 3006 1161 3069 quam
1172 2985 1306 3057 consilio,
1315 2984 1385 3045 ferri
1399 2986 1508 3067 impro-

551 3082 631 3143 bitas
642 3084 730 3155 solet,
743 3086 846 3144 omnia
864 3084 895 3144 in
917 3104 954 3145 eo
971 3104 1034 3144 eme
1052 3085 1121 3155 rati,
1140 3084 1164 3143 si
1182 3104 1228 3143 res
1241 3084 1370 3144 urbanas
1381 3102 1434 3165 per
1447 3083 1509 3143 vim

445 3250 449 3255 ¹
551 3178 591 3239 ad
604 3200 658 3242 sua
675 3180 834 3240 commoda
851 3188 1072 3263 componerent,
1094 3180 1234 3241 adversus
1251 3199 1373 3260 sequte
1390 3188 1509 3260 possent

552 3276 675 3337 aliunde
688 3277 838 3348 accidere,
852 3277 927 3338 nihil
941 3276 1141 3358 providerunt.
1183 3277 1286 3359 Caput
1295 3276 1444 3348 lectionis,
1455 3276 1508 3337 lio-

552 3392 602 3433 mo
614 3374 721 3453 insigni
734 3373 863 3435 audacia
876 3373 912 3435 L.
932 3374 1030 3455 Sylla,
1050 3376 1135 3454 quasi
1152 3373 1225 3434 nihil
1247 3372 1379 3444 referret,
1396 3394 1460 3433 esse
1479 3374 1509 3433 in

551 3469 684 3542 civitate,
697 3471 749 3551 qui
763 3480 908 3531 armatum
922 3480 954 3531 et
966 3470 1111 3531 furentem
1125 3470 1240 3550 legibus
1252 3490 1340 3550 agere
1353 3490 1435 3529 reum
1445 3490 1508 3529 sus·

551 3568 668 3641 tineret,
686 3588 755 3629 cum
773 3570 905 3651 quinque
921 3568 1096 3647 legionibus,
1115 3570 1195 3650 qnod
1209 3568 1426 3629 firmamentum
1441 3588 1509 3649 par·

551 3667 626 3725 tium
647 3667 769 3727 istamm
791 3665 860 3737 luit,
880 3667 910 3726 in
931 3665 1124 3746 longinquam
1138 3667 1276 3727 militiam
1291 3664 1441 3747 proiectus
1453 3675 1509 3726 est.

553 3763 611 3824 Cu.
625 3763 803 3845 Pompeius,
817 3764 870 3844 qni
889 3763 1013 3824 alterum
1033 3764 1197 3824 exercitum
1215 3762 1342 3833 obtinet,
1362 3784 1418 3824 nec
1434 3764 1509 3823 ami-

551 3880 604 3920 cus
617 3881 681 3921 esse
694 3860 840 3943 patribus,
855 3880 910 3920 nec
934 3880 1051 3941 sperare
1070 3861 1181 3921 amicos
1199 3869 1305 3942 potest,
1324 3860 1424 3920 occiso
1436 3880 1509 3921 con-

551 3956 627 4028 sule,
641 3958 693 4037 qui
707 3958 812 4017 misus
824 3958 864 4017 ab
877 3966 981 4017 senatu
1002 3956 1039 4017 ad
1053 3957 1358 4038 accipiendascopias
1372 3958 1438 4036 ejus
1457 3977 1510 4016 ne·
1554 3978 1557 3985 ’

553 4063 646 4115 uerat.
689 4053 727 4114 In
748 4055 813 4136 ipsa
834 4056 906 4115 urbe
928 4053 1023 4114 multa
1040 4052 1271 4115 sunthominum
1285 4053 1382 4113 millia
1395 4062 1511 4113 nostras

553 4153 738 4233 sequentium
751 4160 860 4233 partes.
903 4152 942 4213 In
956 4151 1049 4213 Italia
1063 4152 1212 4213 Samnites
1224 4160 1255 4211 et
1272 4150 1398 4224 Lucani,
1411 4171 1509 4231 quan-

554 4273 644 4333 quam
658 4252 761 4313 accisis
773 4252 891 4333 opibus,
904 4252 1017 4312 bellum
1031 4252 1191 4313 sustinent:
1204 4258 1239 4310 ut
1250 4258 1392 4331 quantum
1404 4248 1510 4310 decer-

558 4437 663 4492 pentsm
680 4429 836 4496 pertinuisse
854 4430 950 4495 potnit,
970 4430 1015 4493 qui
1051 4437 1079 4478 te
1101 4428 1134 4478 ad
1154 4428 1258 4493 piebem
1273 4442 1322 4492 per
1339 4426 1508 4497 adoptionem

453 4556 463 4575 Ι
559 4496 677 4547 tribunat
698 4496 783 4562 plebis
803 4494 872 4559 luit,
896 4498 946 4551 uisi
962 4494 1016 4550 ior·
1051 4496 1201 4548 transierat.
1221 4495 1291 4546 crer.
