3300 5225
896 604 932 654 ἵ.
958 603 1052 653 ttvn

570 748 742 810 temersrius
753 745 926 824 emendetur
936 745 1146 829 quoquomodo
1154 745 1357 829 supplerent:
1370 741 1480 805 deinde
1492 747 1521 804 in

571 843 646 904 ulios
657 843 776 904 codices
787 852 850 904 tenu
861 865 916 906 sus
927 865 1018 926 qunnr
1031 843 1205 922 Aristotelis
1216 845 1308 905 verbs
1317 841 1522 923 inexplicubili

571 961 668 1002 errore
681 941 1080 1004 transcribendscurtverst.
1121 941 1203 1002 Plus
1212 942 1416 1021 &capones
1427 939 1523 999 sitisti

442 1065 476 1098 u.
573 1038 612 1098 sb
624 1037 855 1118 exscriptoribus
867 1037 935 1098 libri
952 1045 1033 1108 sunt,
1050 1057 1118 1098 curn
1131 1035 1264 1098 Rom
1281 1035 1399 1096 deletos
1408 1035 1524 1116 Tyrus·

496 1177 503 1194 .
574 1135 624 1196 uio
647 1133 708 1194 suis
731 1133 905 1196 commentis
930 1133 1065 1215 replerit.
1113 1131 1208 1195 Hunc
1231 1131 1342 1194 deindo
1365 1131 1525 1192 editionem

442 1263 450 1282 ·
574 1229 666 1300 necti,
678 1229 731 1309 qui
742 1228 826 1290 libris
836 1228 1000 1291 vendendis
1008 1226 1526 1311 questumfsciebnnt,donrinoou·

574 1325 717 1386 ducendis
728 1325 868 1398 librariis,
883 1326 1150 1408 compsrondisque
1168 1347 1238 1388 cunr
1255 1325 1422 1407 exemplsri
1442 1325 1526 1387 rolu-

575 1423 713 1494 minibus,
729 1423 768 1486 sd
788 1423 903 1485 lucrum
921 1426 1027 1504 megis,
1040 1445 1131 1506 quum
1144 1424 1184 1486 sd
1196 1425 1287 1486 iidem
1299 1424 1475 1505 respiciunt,
1489 1423 1529 1485 its

575 1519 764 1601 repleverunt
782 1521 907 1592 mendis,
928 1529 963 1582 ut
976 1523 1043 1601 jem
1060 1531 1131 1582 ente
1150 1522 1234 1584 mille
1250 1531 1407 1582 sexcentos
1424 1539 1528 1588 onnon

577 1615 650 1697 quid
666 1616 813 1698 plerisque
833 1618 907 1680 locis
920 1621 960 1680 ub
975 1618 1142 1680 Aristotele
1158 1620 1402 1700 essetscriptunr,
1413 1617 1528 1698 discep-

488 1721 492 1734 '
577 1715 635 1774 tsri
651 1715 847 1778 consueverit.

417 1811 486 1862 Ptut.
619 1817 670 1872 46.
691 1810 753 1872 Sed
774 1811 809 1873 L.
831 1813 919 1893 Sylla
938 1833 1006 1874 cum
1024 1813 1156 1876 Athenis
1173 1812 1275 1876 dolore
1293 1812 1403 1896 pedum
1424 1810 1531 1870 tenuri

417 1911 535 1974 stephan.
579 1909 723 1987 cepisset,
743 1909 907 1992 AEdepsurn
928 1911 1078 1992 proiectus
1093 1911 1290 1984 est,Euboe1e
1310 1909 1466 1992 oppidum,
1484 1907 1532 1967 ubi

433 2006 558 2056 Surb-¹¹·
580 2005 745 2066 calidorum
768 2026 912 2094 equorum
929 2011 1079 2090 scaturigo
1097 2019 1173 2081 eret,
1190 2009 1273 2090 qnod
1287 2007 1434 2068 Herculis
1452 2006 1532 2066 lurs-

417 2075 513 2186 &¹⁴:2⁵⁸
581 2121 664 2164 orum
677 2102 891 2184 appellabant,
905 2105 1128 2188 valetudinique
1140 2117 1174 2167 et
1184 2104 1376 2167 oblectstioni
1390 2123 1455 2163 suae
1465 2123 1533 2184 ope·

434 2201 480 2248 Plu
482 2209 499 2254 ῑ
510 2199 547 2248 Lu
532 2214 570 2250 ¹²⁰·
563 2219 647 2268 ·rem
657 2199 751 2270 dedit,
767 2199 927 2262 Boocbicis
934 2202 1098 2265 ortilicibus
1107 2204 1254 2264 addictus.
1295 2201 1417 2262 Interes
1428 2198 1534 2260 Lucul-

426 2271 482 2316 ⁰⁸⁸⁸
584 2296 632 2364 lus
651 2306 719 2378 post
734 2297 946 2379 prosectionem
966 2299 1062 2381 Syllrr¹
1077 2321 1116 2361 er
1134 2300 1225 2370 Asis,
1239 2314 1357 2380 prosus
1369 2305 1535 2356 monsuetu-

584 2393 665 2463 diue‚
679 2403 742 2454 turm
755 2394 842 2467 alies,
855 2403 998 2476 mentum
1012 2405 1139 2478 poteret,
1148 2397 1286 2466 civintes
1295 2393 1462 2463 ollesubst,
1475 2401 1534 2452 tun

586 2489 735 2570 praeoipue
753 2491 937 2572 Mitylenaeis
956 2503 1061 2554 unctor
1081 2501 1188 2564 erst,‘
1200 2501 1235 2552 ut
1252 2491 1353 2570 agnitu
1369 2490 1463 2570 culpo
1479 2508 1536 2548 me·

585 2583 716 2647 diocrem
738 2607 805 2667 quse
826 2588 967 2669 imposito
984 2599 1050 2651 erut
1066 2588 1207 2651 nubtum
1227 2586 1452 2671 persolverent!
1492 2583 1536 2645 Ei
1569 2630 1576 2645 ,

588 2685 627 2743 sb
638 2684 723 2744 initio
734 2685 836 2765 pulsus
846 2684 885 2745 sd
897 2685 1103 2749 Mithridatem
1110 2686 1305 2756 desciverunt,
1315 2686 1422 2747 lllnnio
1429 2682 1537 2764 Aquil-

588 2780 630 2841 lio
642 2782 766 2863 turpiter
779 2782 906 2864 prodito,
921 2783 1145 2866 diutissimeque
1162 2776 1331 2847 manserunt
1347 2784 1378 2843 in
1397 2782 1537 2863 pertibus

590 2876 644 2939 Ne
661 2876 791 2958 digreoeo
803 2880 923 2961 quidem
938 2902 1006 2961 rege
1023 2883 1248 2964 resipiscebant,
1260 2882 1331 2962 quin
1344 2900 1377 2939 se
1395 2878 1539 2939 Romonis

590 2978 680 3039 armis
696 2984 898 3057 opponereutt
918 2987 1018 3040 tonbrs
1036 2980 1289 3041 stolidissimorum
1308 2978 1464 3037 bominum
1480 2974 1538 3034 nni·

591 3092 655 3135 mos
667 3072 748 3135 furor
761 3084 969 3155 occupssernt

632 3177 683 3235 47.
706 3170 802 3250 Igitur
822 3172 976 3245 Lucullus,
996 3174 1092 3235 clune
1114 3173 1247 3244 odmots,
1264 3191 1334 3233 cum
1355 3171 1539 3253 prohibentes

592 3269 813 3329 exscensiouem
835 3270 1001 3352 oppidnnos
1020 3272 1099 3333 intre
1114 3272 1223 3332 rnoeuis
1238 3271 1542 3353 compatientem

594 3373 662 3427 ente
682 3365 784 3425 urbem
799 3368 907 3447 posuit.
949 3366 1069 3428 Deinde
1079 3368 1210 3449 quodum
1222 3366 1284 3437 die,
1296 3367 1382 3448 qussi
1391 3364 1541 3445 dapem

594 3462 826 3541 expugnatione,
841 3463 994 3544 prupslern
1006 3462 1047 3524 de
1058 3462 1107 3525 dis
1119 3464 1286 3525 conscensis
1295 3464 1421 3523 nuribus
1432 3462 1542 3521 Eleum

549 3638 554 3647 Ι
595 3558 732 3636 trajecit:
753 3558 804 3619 sed
819 3579 888 3620 nrox
902 3562 957 3620 sub
976 3570 1093 3621 noctem
1109 3560 1228 3621 reflexit
1245 3579 1375 3631 cursum,
1388 3568 1421 3619 et
1434 3559 1464 3618 in
1477 3556 1541 3617 iusi·

596 3652 654 3713 diis
675 3653 756 3715 bsud
782 3656 887 3737 procul
910 3658 983 3719 orbe
997 3658 1140 3719 consedit.
1183 3657 1428 3739 Mitylensrorunr
1443 3653 1542 3733 vulgus

597 3750 649 3809 rix
669 3770 688 3811 n
705 3750 942 3831 prudentioribus
959 3756 1137 3825 cohibitum,
1154 3774 1192 3814 ne
1208 3755 1310 3815 stetim
1327 3754 1358 3813 in
1369 3760 1469 3813 cestro
1479 3770 1543 3833 pru·

599 3856 764 3927 rumperet:
786 3858 944 3930 postquem
969 3852 1074 3911 iterum
1097 3850 1150 3911 lux
1175 3850 1273 3922 sffirit,
1299 3870 1397 3929 neque
1421 3847 1544 3909 bostium

599 3952 775 4025 conspectus
787 3946 943 4027 quinqueni
960 3956 1016 4017 est,
1033 3947 1152 4007 retineri
1165 3945 1291 4026 emplius
1302 3964 1362 4005 oon
1380 3952 1545 4025 potuemut,

600 4040 673 4118 quin
694 4042 860 4121 promiscue
876 4044 963 4103 turbs
983 4043 1141 4105 liberonrm
1151 4048 1545 4121 nmmqrnsxornreret

602 4132 653 4198 Ibi
664 4146 774 4197 coortu
789 4158 829 4197 ex
842 4138 958 4200 insidiis
971 4138 1178 4199 &munorum
1196 4139 1292 4218 copirc
1304 4137 1446 4198 sdversm
1456 4136 1547 4197 bouri-

602 4250 654 4291 nes
665 4250 720 4293 nec
733 4234 890 4295 instructos
902 4236 1081 4307 militariter,
1089 4256 1145 4297 nec
1158 4234 1320 4306 ordiuntos,
1335 4236 1407 4311 (non
1420 4234 1499 4293 enim
1509 4230 1547 4293 sd

603 4325 747 4407 praelium,
757 4329 808 4390 sed
819 4340 959 4412 tunquam
969 4333 1110 4414 direpturi
1123 4342 1221 4394 cestre
1232 4332 1413 4407 exiverunt)
1427 4350 1483 4390 nou
1496 4329 1547 4387 du·

603 4423 654 4484 bio
673 4422 771 4487 Morte
792 4438 969 4509 pugnarunt.
997 4428 1248 4512 ‘comprehensus
1260 4426 1548 4509 fugientiumingens
