3300 5225
832 535 870 584 'l'-
893 535 992 586 [ΠΗ

438 661 442 678 ’
518 680 605 754 solet,
619 702 709 765 quam
731 682 781 743 ubi
805 690 908 762 gentes
929 682 1048 744 Italica
1065 682 1206 746 huntam
1221 687 1277 746 sub
1294 684 1409 746 blande
1424 705 1472 746 so·
1559 699 1568 715 ‘

518 779 630 840 ciorum
660 778 860 860 appellatione
886 781 1055 841 servitutem
1079 782 1293 861 aspemrmtur?
1344 782 1474 842 Petrum

518 877 660 937 memoris
682 878 781 937 nescio
804 876 877 957 quid
903 887 1059 938 moverunt
1080 876 1246 957 Fregellae
1266 897 1378 959 paucos
1397 879 1476 938 intra

519 971 583 1032 dies
601 973 708 1033 dimitte
734 972 775 1034 ed
797 972 893 1033 solum
913 971 1080 1055 deletaque
1101 984 1179 1034 sunt.
1221 973 1306 1034 Olim
1326 974 1476 1036 Samnites

521 1069 692 1151 Bruttiique
714 1079 745 1130 et
766 1070 880 1130 Lucani
902 1090 970 1130 cunr
995 1070 1115 1151 Pyrrho
1135 1079 1295 1131 senserunt.
1342 1071 1476 1139 Quantis

521 1167 611 1246 igitur
630 1165 778 1236 cladibus,
799 1187 861 1248 qua
882 1167 1047 1228 vulatione
1070 1175 1138 1226 sunt
1158 1187 1178 1226 a
1199 1168 1235 1228 Ι..
1257 1168 1395 1249 Papirio,
1419 1167 1475 1250 Sp.

523 1263 659 1324 carvilio
683 1264 841 1342 castigati?
892 1262 947 1323 Ad
982 1263 1187 1324 Hannibalem
1214 1264 1324 1346 Capua
1354 1263 1476 1326 defecit.
1533 1341 1540 1354 ⁴

523 1359 605 1440 Ergo
630 1362 721 1420 mnus
748 1360 826 1422 odiis
848 1381 869 1421 a
898 1361 1038 1422 Romano
1064 1371 1238 1444 oppugnata
1254 1372 1310 1434 est,
1329 1371 1363 1423 nt
1377 1365 1478 1445 potius

523 1459 681 1518 amissurus
700 1457 884 1540 Capitolium
905 1468 937 1518 et
958 1459 1085 1532 Urbem,
1103 1480 1195 1541 quam
1215 1481 1274 1520 non
1294 1461 1479 1542 expetiturus

524 1573 627 1636 poenas
643 1575 663 1614 a
683 1555 841 1637 Campano
858 1555 970 1638 populo
992 1554 1147 1618 videretur.
1189 1557 1233 1618 Et
1252 1556 1298 1616 illi
1317 1565 1415 1616 tamen
1432 1557 1477 1618 le·

523 1651 590 1712 vius
609 1661 816 1733 peccaverant.

565 1755 615 1809 28.
638 1757 647 1786 ‘
662 1749 742 1817 Qua
761 1749 846 1810 robis
862 1770 987 1830 usquam
1003 1749 1133 1832 reposita
1149 1769 1217 1831 spes
1233 1759 1290 1822 est,
1308 1770 1377 1810 cunr
1395 1751 1480 1810 iratis

525 1843 652 1906 dominis
671 1855 769 1912 vestm
788 1867 842 1906 vos
862 1847 981 1926 ignavis
1001 1846 1165 1917 tradiderit,
1188 1846 1358 1908 Asculani?
1399 1847 1479 1908 Par-

524 1945 617 2002 cent²
637 1942 760 2016 scilicet,
779 1963 798 2004 a
817 1944 925 2024 quibus
937 1942 1107 2004 interfectos
1124 1944 1326 2025 proconsules,
1340 1944 1481 2006 interfec-

526 2047 572 2100 toa
585 2039 698 2119 legatos
712 2061 796 2110 ancer
819 2040 908 2102 fidem
929 2042 1023 2121 pacis,
1042 2042 1228 2120 majestatem
1246 2041 1372 2123 imperii,
1386 2040 1481 2102 stede-

526 2157 601 2210 rum,
615 2138 745 2219 hospitii,
765 2139 951 2218 cognationis
965 2141 1038 2218 jura
1053 2139 1153 2199 omnia
1173 2139 1286 2200 violata
1302 2159 1365 2200 esse
1377 2141 1482 2200 memi-

527 2235 654 2296 neruntl
704 2234 775 2297 Nisi
802 2235 877 2297 sorte
902 2235 1095 2297 blandiuntur
1111 2237 1168 2300 sibi
1187 2236 1322 2317 quidam,
1340 2237 1392 2316 qui
1413 2239 1483 2317 jam

527 2331 599 2392 olim
613 2330 760 2394 Romanis
774 2333 939 2414 approbare
952 2332 1042 2393 fidem
1055 2334 1311 2413 innocentiamque
1324 2353 1407 2393 suam
1417 2343 1483 2394 stu·

526 2427 608 2490 dant.
650 2427 684 2488 A
701 2449 827 2510 quorum
843 2429 1010 2489 nominibus
1026 2431 1052 2490 si
1068 2431 1186 2491 interim
1203 2431 1347 2502 abstineo,
1363 2450 1421 2490 non
1436 2437 1485 2490 est

528 2534 564 2586 ut
580 2547 611 2586 ee
630 2535 749 2608 sperent
766 2525 883 2588 fallare.

570 2630 621 2685 29.
642 2622 742 2684 ‘Non
766 2645 830 2685 esse
853 2624 925 2684 mibi
942 2624 1068 2704 ignotos,
1088 2643 1214 2705 quorum
1232 2624 1346 2686 invidia
1364 2634 1484 2687 metune

528 2730 657 2802 spretum
674 2722 842 2803 imperium,
860 2720 969 2781 deserti
986 2722 1067 2782 cives
1084 2729 1116 2781 et
1133 2730 1366 2801 propugnatores
1382 2724 1485 2794 vestri,

529 2818 646 2900 prodita
662 2826 810 2900 postremo
822 2820 921 2899 patris
932 2826 989 2889 eet,
1007 2828 1125 2878 matura
1136 2818 1291 2878 noxiorum
1310 2838 1399 2899 poena
1412 2821 1486 2881 sads

528 2914 676 2977 ostendet.
710 2914 865 2980 Quendo³
876 2915 956 2975 eninr
969 2914 1094 2976 aliorum
1107 2913 1231 2984 scelere,
1245 2913 1370 2975 aliorum
1382 2936 1485 2977 amen·

529 3014 574 3071 tis
586 3031 623 3072 eo
635 3008 765 3073 deducta
778 3031 824 3071 res
836 3020 893 3081 est,
906 3019 940 3070 ut
954 3011 1109 3070 imminens
1118 3009 1268 3070 excidium
1281 3012 1386 3091 patriae
1399 3011 1486 3072 indu·

530 3108 661 3167 bitanter
674 3107 862 3187 prospiciam,
876 3127 971 3187 neque
984 3126 1039 3185 ego
1052 3115 1200 3187 superstes
1219 3107 1248 3167 ei
1266 3127 1330 3178 ero,
1348 3128 1403 3169 nec
1417 3107 1488 3170 illos

531 3204 640 3285 patiar,
653 3222 745 3285 penes
758 3223 834 3284 quos
846 3203 992 3263 malorum
1006 3202 1128 3262 istorum
1140 3202 1231 3283 culpa
1243 3203 1372 3264 residet!

572 3305 623 3360 30.
645 3298 724 3359 Cum
741 3298 848 3359 deinde
867 3298 941 3361 satis
954 3298 1006 3359 diu
1024 3299 1174 3359 atrocibus
1185 3300 1285 3360 verbis
1301 3301 1486 3373 concionem,

532 3398 680 3479 praecipue
692 3404 805 3456 veteres
814 3396 947 3468 aemulos,
955 3396 1007 3478 qui
1015 3396 1055 3457 ob
1068 3396 1221 3477 pristinam
1233 3397 1412 3459 simultatem
1423 3407 1488 3459 tuns

532 3514 652 3574 quoque
665 3492 835 3573 negligendi
855 3494 969 3575 imperii
983 3503 1118 3555 auctores
1133 3493 1243 3575 populo
1255 3494 1384 3566 suerent,
1398 3494 1489 3556 vehe-

534 3599 661 3651 mentem
679 3591 709 3650 in
726 3591 859 3651 timorem
878 3591 1061 3661 adduxisset,
1080 3593 1163 3668 (nam
1182 3600 1309 3651 mmatos
1320 3600 1352 3653 et
1364 3593 1416 3674 qui
1429 3612 1491 3653 una

532 3696 685 3756 venerant,
703 3695 735 3747 at
750 3688 802 3768 qui
823 3689 853 3747 in
875 3688 1011 3769 prasidio
1027 3696 1114 3748 erant
1133 3688 1224 3760 urbis,
1238 3687 1320 3749 dioto
1336 3688 1491 3749 audientes

534 3785 679 3863 babebat)
706 3782 746 3843 ad
770 3793 948 3864 postremum
971 3784 1079 3863 corripi
1103 3783 1247 3863 quosdam
1269 3784 1491 3846 Asculanorum

535 3880 699 3963 principum
723 3882 824 3960 jussit.
875 3882 995 3949 Quibus
1017 3882 1122 3940 ultimo
1144 3881 1292 3962 supplicio
1317 3882 1491 3955 consumtis,

503 4022 504 4030 κ
535 3980 598 4059 ipse
611 3998 679 4038 cum
692 3978 796 4038 ceteris
809 3987 841 4038 et
853 3978 1076 4039 honoratissimo
1089 3982 1228 4059 quoque⁴
1237 3980 1396 4040 amicorum
1407 4000 1491 4059 meg·

423 4103 443 4137 ι.
537 4073 624 4136 nifice
636 4074 785 4156 epulatus,
798 4076 900 4137 vinum
913 4074 1028 4137 affatim
1040 4076 1149 4138 bausit.
1188 4075 1307 4137 Deinde
1318 4096 1386 4139 cunr
1398 4076 1491 4138 desti·

569 4262 587 4309 2
604 4257 694 4307 Parcet
705 4258 843 4319 legebatur
854 4266 915 4309 ante
926 4258 1005 4309 Cres.

570 4326 587 4371 ⁸
605 4322 702 4378 Quanto
713 4322 775 4373 edd.
786 4334 848 4373 ante
859 4324 938 4374 Cres.

570 4390 587 4436 l
605 4387 703 4455 Quoque
714 4389 812 4454 legitur
823 4391 849 4440 in
862 4388 997 4443 addente
1010 4388 1086 4441 Cres.
1119 4422 1130 4433 ,
