3300 5225
404 568 511 621 44444
534 568 675 619 xcvru.
697 566 1024 621 4444444444444.
1184 548 1274 617 tw

156 712 228 775 dens
239 712 272 773 hi
285 732 339 795 pro
350 712 479 793 legatis)
503 712 610 796 inquit,
635 720 643 751 ‘
658 712 777 786 adsunt,
793 712 906 795 oppido
921 712 1107 782 multisunt:

156 811 203 871 sin
221 830 292 871 varo
309 830 363 892 pro
384 808 587 881 bellatoribus,
608 810 719 892 oppido
737 811 836 893 pauci
839 812 849 839 Ρ

198 904 458 985 45144444144
485 906 679 967 estimatione
709 926 777 967 suas
806 906 1002 987 Tigranisque
1033 907 1112 968 vires

157 1003 305 1065 Lucullus
322 1005 483 1086 pensabat:
505 1004 665 1067 inhabilem
684 1006 811 1067 hostium
823 1005 1043 1068 multitudinem
1055 1026 1111 1067 sua
1137 1012 1219 1065 1444
1230 1025 1262 1065 n
1380 996 1386 1009 ’

156 1100 237 1161 mole
251 1102 412 1183 perituram
424 1110 515 1173 ratus,
529 1102 553 1159 si
557 1102 753 1183 ,priusquam
772 1102 902 1163 ordinari
919 1110 1027 1185 posset,
1046 1097 1142 1163 tur-¹·
1121 1084 1195 1196 ΡΙΡέ·

156 1197 288 1259 haretnr.
330 1197 451 1259 Idcirco
464 1197 552 1259 simul
565 1218 632 1259 cum
646 1198 713 1259 luce
732 1201 835 1281 copias
846 1209 975 1261 44444444
986 1201 1110 1260 instruo·

156 1304 264 1377 tasqua
277 1296 382 1355 castris
394 1294 506 1368 educit,
521 1316 637 1357 annnam
649 1298 832 1359 transiturus.
873 1296 972 1358 Erat
964 1318 994 1358 rn
1008 1316 1112 1358 aversa

156 1394 197 1453 ab
218 1392 352 1454 hostibus
371 1401 454 1475 parto
470 1392 657 1455 commodum
677 1404 893 1475 transgressore
907 1394 1029 1456 vadum.
1071 1394 1111 1455 Id

157 1488 229 1549 dum
244 1492 328 1572 petit,
341 1491 469 1572 speciem
482 1490 624 1570 fugientis
641 1492 768 1574 praebuit
781 1492 921 1573 Tigrani:
942 1496 1036 1573 isque,
1050 1510 1111 1573 prta

156 1589 311 1673 voluptate
345 1592 482 1669 gestiens,
515 1588 653 1651 Taxilam
685 1591 896 1673 compellabat,
928 1590 1035 1652 ‘Paos
1058 1610 1111 1650 an·

156 1696 217 1747 tarn
236 1686 340 1747 invicti
354 1688 398 1747 tui
420 1685 552 1747 Romani
573 1686 711 1767 lugiunt,'
732 1688 877 1768 inquiens.
911 1678 1111 1757 1144444444,

158 1796 166 1821 ‘
185 1784 313 1845 Utinam
340 1784 383 1844 ita
405 1784 455 1855 sit,
480 1783 586 1845 oraxl
610 1794 642 1845 at
661 1804 732 1845 4444
752 1785 858 1845 comtis
875 1784 943 1845 illos
955 1786 1046 1863 signis
1064 1804 1112 1843 ar·

156 1881 271 1963 misque
297 1880 482 1961 fulgentibus
507 1880 643 1941 incedere
669 1880 768 1941 video.
818 1879 894 1941 Hoc
917 1880 957 1941 ad
982 1900 1112 1961 pugnam

156 1985 260 2037 444144
271 1976 397 2049 iaciunt,
412 1978 442 2037 in
463 1978 567 2037 itinere
587 1977 730 2038 coriaceis
749 1977 927 2055 tegumentis
944 1997 1111 2039 44444444-
1153 2043 1160 2055 ‚

154 2076 226 2137 dere
243 2076 343 2137 soliti!
397 2074 463 2137 Vix
484 2074 611 2149 finierat,
634 2096 703 2137 curn
724 2076 820 2157 prirna
840 2076 941 2157 aquila
965 2075 1112 2137 flectentis

155 2192 263 2253 agmen
286 2172 406 2235 Luculli
428 2193 530 2235 versus
548 2173 708 2253 Tigranem
727 2174 769 2233 ire
786 2174 853 2233 visa
870 2182 928 2246 est,
944 2172 1111 2252 manipula·

154 2270 269 2351 timque
284 2270 419 2331 cohortes
430 2271 525 2353 sequi.
566 2269 645 2329 Turn
657 2290 740 2341 vero,
753 2278 896 2351 tanquam
910 2290 949 2330 ex
965 2268 1112 2351 profunda

153 2366 299 2428 ebrietate
320 2386 454 2429 reversus
477 2367 517 2428 ad
539 2388 570 2428 se
588 2366 742 2447 Tigranes,
765 2368 810 2427 his
828 2376 910 2427 44444
929 2366 1110 2440 exclamato,

154 2474 163 2501 ‘
181 2463 269 2525 Itane
283 2466 312 2526 44
327 2486 382 2527 444
395 2464 479 2526 illit’
493 2486 615 2548 propere
628 2486 697 2526 suos
709 2466 812 2526 4441444
828 2464 927 2545 jubet.

198 2569 249 2624 46.
272 2562 408 2624 Mediam
421 2564 517 2626 aciem
531 2562 688 2644 regendam
701 2562 758 2624 sibi
770 2563 878 2624 sumit:
900 2561 1008 2624 1444444
1020 2582 1110 2626 44444

157 2659 323 2721 Adiabeno
345 2661 407 2740 regi
431 2662 592 2742 permittit;
622 2659 772 2731 dextrum,
796 2660 849 2720 ubi
872 2660 1005 2742 plerique
1027 2670 1111 2722 cata-

119 2837 123 2842 ·
156 2757 271 2838 phraati
288 2757 429 2838 primisin
443 2757 595 2818 ordinibus
606 2759 736 2828 stabant,
751 2755 856 2817 Medo.
892 2757 1110 2818 Hocincornu
1123 2764 1252 2814 Memnon.

157 2841 285 2934 pdmum
306 2853 440 2915 invectus
461 2853 616 2925 Lucullus,
638 2855 748 2936 reperit
766 2855 901 2914 victoriae
920 2854 1009 2914 44444.
1049 2853 1230 2926 'l'u-Appian.

156 2950 271 3010 mulum
297 2951 376 3022 enirn
403 2951 563 3032 quandam,
588 2951 642 3011 sub
672 2971 732 3031 quo
756 2952 942 3032 cataphracti
970 2951 1112 3012 collocati

154 3056 251 3118 erant,
270 3048 469 3129 conspicatus,
490 3047 548 3108 hoo
568 3048 638 3120 situ,
657 3049 739 3108 utin
756 3049 868 3109 vertice
889 3048 995 3130 planus
1009 3059 1041 3108 et
1057 3068 1111 3129 pa·

155 3151 232 3214 tens,
255 3143 338 3204 adim
360 3144 442 3205 haud
462 3144 550 3206 valde
572 3163 675 3225 aspero
696 3163 836 3226 passuum
848 3163 907 3204 non
919 3145 1011 3205 ferme
1024 3145 1111 3225 quin·
1139 3156 1266 3211 144444.

154 3248 312 3320 gentorunr
340 3241 459 3302 meandi
488 3251 598 3324 posset,
624 3241 772 3302 Thracum
797 3227 1190 3338 Gallogrmcommquesslsn

155 3337 220 3398 alas
232 3357 271 3398 ex
287 3337 410 3419 obliquo
429 3340 459 3399 in
480 3339 739 3419 cataphractorum
759 3337 877 3399 ordines
895 3340 1041 3399 incurrere
1059 3341 1111 3418 ju-

155 3435 219 3505 bet,
239 3435 416 3515 ensibusque
438 3445 553 3508 contos,
576 3436 605 3494 in
629 3436 736 3516 quibus
752 3436 849 3496 omnis
868 3433 984 3495 illorum
999 3435 1111 3507 444444,

154 3530 341 3612 detorquere.
383 3532 509 3594 14444444
531 3534 605 3643 ipse,
627 3534 794 3614 conspicuis
814 3534 903 3594 armis
914 3531 1044 3603 indutus,
1057 3553 1112 3591 ex-

154 3637 233 3690 serto
247 3627 349 3708 gladio
362 3637 433 3690 ante
451 3629 545 3710 prima
563 3631 649 3710 signa
661 3631 692 3690 44
706 3630 853 3691 tumulum
871 3630 1009 3700 enititur,
1032 3627 1112 3689 loco·

155 3743 215 3804 que
238 3735 339 3807 capto,
372 3723 554 3796 ‘Vicimusss
579 3726 784 3798 exclamat,
799 3728 936 3798 vicimus,
962 3724 1114 3784 militesl'
1141 3736 1188 3786 Plo
1189 3743 1212 3788 t.

157 3820 253 3882 Simul
266 3823 326 3881 4444
346 3823 376 3881 44
394 3822 614 3903 cataphractos,
628 3823 742 3884 omissis
755 3823 824 3906 pilis
836 3843 920 3883 enses
931 3820 1045 3899 shingi,
1059 3840 1164 3915 pe·Ro
1098 3800 1223 3913 Ρ-ΡΡΡΡ

157 3917 238 3997 tique
251 3937 338 3979 44444
351 3927 382 3978 44
394 3917 507 3980 femora
508 3939 598 4000 ,quae
611 3919 675 3979 sola
687 3921 833 4000 patebant
843 3917 1024 3986 vulneribus
1034 3935 1110 3996 prae·
1122 3865 1229 3994 Appias.

154 4015 276 4096 cipiens.
298 4013 388 4076 Sed
414 4016 512 4076 hostes
538 4036 596 4077 non
621 4025 781 4128 expectato
805 4035 974 4128 conpressu,
1000 4011 1110 4072 foedam
1122 3994 1190 4107 ξῙΡΡ·
1155 4005 1190 4044 Ρ
1202 3995 1263 4043 Ρ

153 4132 270 4194 prorsus
282 4112 382 4192 lugam
396 4113 599 4194 praecipitant:
620 4114 736 4196 ipsique
758 4123 789 4174 et
807 4113 877 4194 4444
897 4112 986 4172 armis
1004 4129 1109 4190 graves
1121 4126 1230 4188 444444.

156 4207 336 4270 intolerabili
351 4208 481 4290 pondere
500 4209 672 4282 imumbunt
690 4229 807 4270 suorum
824 4207 987 4268 ordinibus.
1121 4189 1189 4238 ΡΡΡΡ·

197 4311 249 4370 st.
272 4305 384 4366 Omnia
397 4305 498 4366 statim
509 4305 639 4367 tumultu
653 4317 684 4367 44
696 4317 806 4368 terrore
823 4303 1019 4385 complentur,
1036 4299 1111 4363 alios

157 4401 226 4462 aliis
244 4402 442 4464 turbantibus.
485 4399 597 4483 Neque
610 4402 689 4483 fuge
707 4403 791 4463 locus
807 4410 870 4463 est.
891 4400 1026 4461 conferta
1037 4418 1112 4459 con·
