3300 5225
390 615 493 665 arser
520 614 661 665 cxxxi.
685 616 1007 669 surrnauaurou.
1173 598 1262 667 1608

153 710 159 741 ι
367 726 371 735 .

138 758 224 838 mam
249 758 311 819 suis
335 756 463 829 efficere,
490 758 642 839 penuriam
667 758 812 830 hostibus,
839 780 879 819 ex
904 759 1099 841 lseililpote·

140 864 219 913 rant.
584 886 587 895 ·

180 957 235 1013 16.
257 949 355 1028 Igitur
375 950 474 1031 Sylla,
488 952 584 1011 missis
604 951 643 1011 ad
663 950 853 1013 Rhodienses
868 954 957 1013 certis
975 953 1100 1031 bomini-

136 1048 207 1119 bns,
230 1046 356 1108 classem
370 1050 502 1109 arcessit.
545 1048 637 1115 Quod
654 1050 717 1121 ubi,
731 1050 821 1129 regiis
840 1069 919 1108 mare
938 1050 1099 1110 obtinenti·

137 1145 208 1215 bus,
235 1164 340 1226 parum
366 1144 558 1227 procedebat,
586 1146 620 1207 L.
647 1145 807 1207 Lucullum
831 1146 861 1205 in
883 1145 1047 1227 AEgypturn
1067 1154 1100 1206 et
1126 1158 1252 1211 Plotiae

138 1242 284 1303 Africam
302 1240 447 1324 proficisci
460 1241 499 1303 nd
517 1243 703 1322 cunegunda
722 1264 741 1303 a
760 1236 878 1323 regibus
896 1252 928 1303 et
945 1241 1131 1305 maritimis*
1142 1230 1168 1276 ⁸·

136 1340 315 1401 civitatibus
327 1339 447 1401 navium
461 1340 576 1401 auxilio
589 1342 692 1420 jussit,
710 1342 817 1423 quibus
837 1342 997 1401 instructus
1009 1339 1097 1401 Rbo-

32 1494 39 1511 ,
136 1434 257 1496 dionem
270 1436 396 1497 clamem
407 1437 538 1497 securius
549 1436 719 1499 deduceret.
742 1436 999 1518 Lucullus‚neque
1009 1438 1100 1499 maris

137 1532 268 1603 moeno,
291 1552 387 1613 neque
410 1534 472 1595 vim
491 1534 617 1595 bostium
639 1536 761 1604 veritus,
782 1534 890 1615 hyeme
910 1534 1099 1595 media-cum

138 1629 303 1709 peronibus
315 1628 433 1691 Grecis
452 1632 558 1701 tribus,
572 1629 755 1712 totidemque
771 1629 960 1691 Rhodiorum
974 1630 1100 1691 dicretis

138 1725 251 1787 solvit:
266 1714 419 1807 cretaque
428 1728 561 1809 partibus
573 1727 728 1805 adjuncta,
744 1726 881 1809 Cyrenas
892 1728 1063 1788 euomuit.

178 1828 232 1886 17.
256 1824 334 1883 Erat
345 1833 407 1885 tum
420 1825 563 1905 pessimus
571 1823 749 1906 Cyrenaicae
763 1826 804 1885 rei
814 1832 925 1895 statrm
940 1843 1020 1904 qum
1032 1832 1099 1905 post

140 1930 355 1984 teste-mamm
368 1922 509 2003 Apionis,
523 1924 618 2003 magis
637 1924 698 1983 sine
715 1944 794 2003 rege,
808 1944 900 2003 quarn
913 1924 943 1983 in
960 1922 1099 1983 libertate

137 2018 258 2089 mlicta,
272 2038 369 2099 neque
384 2018 509 2079 defensa
521 2020 561 2078 ab
576 2018 723 2079 Romanis
735 2020 816 2080 domi
829 2021 902 2079 eatis
913 2018 1098 2099 negotiorum

137 2116 333 2185 habentibus,
346 2116 376 2175 in
388 2115 548 2179 seditiones
558 2124 590 2177 ct
602 2116 788 2197 tyrannidem
804 2115 959 2177 inciderat
1001 2113 1098 2195 cnjus
1126 2122 1195 2202 rint
1205 2122 1238 2173 de

134 2232 232 2293 qnam
252 2212 448 2273 intolerabilis
465 2214 581 2273 saevitia
600 2212 699 2286 luerit,
721 2214 761 2274 ab
781 2234 841 2274 uno
856 2212 1035 2274 documento
1052 2214 1096 2271 io·
1108 2189 1251 2319 ἓξὲξ,

136 2308 236 2389 telligi
252 2316 368 2391 potem
389 2309 470 2390 qnod
483 2308 664 2371 Nicocrates
682 2311 721 2372 ad
740 2320 841 2393 portos
858 2311 938 2371 urbis
960 2308 1099 2371 custodes

136 2407 291 2487 apposnit,
312 2406 364 2487 qni
392 2414 533 2479 mortuos,
554 2426 623 2468 cnm
650 2408 847 2469 efferebantrrr
870 2412 939 2489 igne
962 2428 999 2467 oe
1019 2405 1099 2469 fetro

133 2501 264 2563 admoto
288 2511 449 2575 teataoent,
475 2522 513 2562 ne
536 2504 603 2583 quis
626 2504 815 2566 simulatione
830 2504 942 2565 mortis
965 2502 1097 2582 elingere

135 2598 328 2680 tyrannidem
346 2608 454 2682 posset.
496 2598 636 2662 Ceterum
657 2601 741 2663 illum
763 2602 866 2682 ingens
881 2602 973 2662 nimi
990 2598 1098 2663 mulier

137 2699 339 2780 Aretapbila,
361 2699 512 2760 concitato
538 2700 568 2758 in
592 2719 659 2759 eum
686 2699 777 2760 fratre
803 2701 922 2780 tyranni
946 2698 1097 2769 leandro,

138 2795 320 2864 ustnleratr
348 2795 458 2858 deinde
484 2797 580 2878 ipsum
614 2797 704 2858 etiam
731 2797 913 2868 leandrum,
938 2805 1096 2878 postquam
1125 2819 1236 2886 Ροιμ,

135 2893 269 2956 similem
282 2913 314 2953 se
327 2884 449 2973 gerebat
460 2895 489 2955 ei
508 2915 597 2975 quem
611 2897 807 2956 interemerat
851 2895 1051 2956 Accesserant
1064 2903 1096 2954 et
1109 2885 1185 2936 ⁸²²⁸*-
1193 2900 1254 2937 ΠΗ·

134 2991 334 3052 finitimorum
347 2989 438 3052 bella.
481 2991 589 3071 igitur,
603 2992 676 3054 licet
694 2993 798 3056 exoisa
818 2992 976 3074 tyrannide
988 2993 1028 3052 ad
1041 3013 1096 3073 op-

135 3090 260 3150 timates
272 3086 440 3168 respublica
452 3089 587 3159 redisset,
601 3098 700 3150 tamen
713 3109 767 3150 neo
781 3089 943 3150 auctoritas
954 3089 1027 3159 illis,
1040 3109 1096 3150 neo

135 3184 301 3247 concordia
313 3184 434 3246 aderat:
455 3205 556 3246 cuma
575 3187 685 3246 recenti
704 3175 905 3247 dominatione
920 3185 1033 3246 timidis
1044 3205 1096 3244 ne-
1149 3226 1153 3232 -

135 3283 268 3344 cessario
279 3293 434 3364 suspectos
447 3280 542 3353 fieret,
556 3282 689 3364 quisquis
708 3303 797 3364 sopra
813 3291 928 3344 eeteros
946 3283 1096 3361 ingenium

136 3379 330 3458 animumque
343 3380 453 3440 babere
465 3379 651 3440 credebatur.

175 3485 230 3539 18.
253 3476 333 3536 cum
359 3477 406 3538 bis
429 3478 612 3560 temporibus
641 3475 676 3537 L.
699 3476 843 3538 Lucullos
867 3477 1244 3558 supervenisset,.p1„2‚1„0‚

134 3575 222 3636 velot
242 3573 387 3636 divinitus
406 3576 525 3636 missum
546 3576 628 3656 pacis
648 3575 852 3655 libertatisque
873 3575 1095 3636 memoratorem

135 3671 285 3754 amplexi,
304 3680 338 3733 nt
357 3671 439 3752 leges
454 3674 511 3733 sibi
530 3673 630 3745 ferret,
650 3681 820 3743 oraverunt,
834 3673 943 3754 quibos
954 3671 1094 3752 deinceps
1270 3743 1277 3752 ,

133 3772 246 3832 civitas
278 3777 437 3849 regeretun
495 3770 567 3842 Ille,
602 3771 751 3832 meusitis
784 3771 933 3831 veteribus
965 3769 1093 3848 legibus,
1106 3763 1192 3878 pmi-
1230 3835 1244 3882 ι

133 3871 271 3930 maxine
283 3889 358 3949 qnos
369 3869 441 3929 olim
456 3869 606 3930 Bcdemus
623 3877 655 3929 et
668 3869 880 3950 Demopbsnes
893 3865 1092 3947 Megalopoli·
1177 3845 1228 3895 Μ’
1247 3865 1255 3883 ⁸

130 3967 199 4026 'tasi
212 3975 321 4046 rogatu
336 3965 548 4048 cyreneorum
561 3965 702 4038 tolerant,
720 3965 889 4046 additisque
901 3985 942 4025 ex
954 3964 1093 4046 prasenti
1105 3977 1174 4031 Ptot.
1183 3977 1245 4032 Ine.
1382 3955 1387 3964 ¹

133 4073 188 4126 ass
208 4064 293 4138 aliis,
313 4065 528 4147 rempublicam
545 4084 647 4126 eorum
664 4064 744 4125 belle
761 4063 939 4144 composuit.
980 4059 1020 4121 Id
1040 4061 1093 4121 ubi

133 4162 305 4244 patenum
317 4170 364 4224 est
381 4164 541 4242 negotium
554 4162 658 4223 eadem
675 4162 782 4244 byeme
796 4162 826 4222 in
839 4160 1003 4242 AEgyptnrn
1021 4158 1092 4220 inde

133 4259 301 4340 navigavit
325 4258 363 4319 In
377 4279 414 4320 eo
425 4279 511 4320 cursa
523 4257 672 4342 plerisqrw
684 4257 812 4320 navibus
824 4256 984 4340 piratarum
997 4254 1092 4317 ands·

132 4358 181 4418 oia
193 4357 344 4438 depressis
356 4365 408 4417 aut
419 4358 525 4438 captis,
541 4358 604 4439 ipse
626 4357 780 4418 incolumis
796 4363 828 4414 et
840 4375 940 4436 sospes
952 4354 1091 4419 Alexan-

133 4453 233 4515 driarn
257 4455 403 4536 pervenit,
423 4455 591 4534 eximioque
613 4453 723 4515 honore
745 4463 776 4514 et
795 4451 963 4532 magnificis
982 4472 1002 4512 a
1022 4471 1091 4531 rege
