3300 5225
868 533 909 613 Q
931 531 1026 583 [ΠΗ
1150 573 1154 580 .

499 734 502 741 ,
549 672 590 733 ob
601 691 722 736 cuum
735 674 809 734 urbe
821 575 924 755 pulsos
936 675 1109 746 credebant,
1128 694 1218 757 quum
1233 673 1315 756 quod
1333 675 1435 738 lusere
1449 676 1508 738 illis

549 779 734 850 putarentur,
753 773 971 853 quamprimum
994 771 1107 844 reduci,
1129 771 1219 834 valde
1236 773 1449 834 existimabant
1468 776 1507 836 sd

548 868 677 928 rationes
696 889 766 930 suas
783 870 939 952 pertinere.

417 1043 421 1053 ι
588 971 639 1026 28.
661 965 948 1028 Combicomnium
960 987 1062 1028 seusus
1073 976 1161 1038 esset,
1184 967 1264 1029 baud
1278 965 1439 1028 difficulter
1452 969 1506 1029 ob·

547 1061 641 1122 tinere
666 1062 767 1126 Cinna
792 1067 903 1146 potuit,
929 1073 963 1124 ut
982 1065 1064 1125 dictu
1081 1084 1136 1124 sua
1155 1064 1290 1126 faventes
1311 1065 1505 1146 exciperent:

384 1157 452 1208 Plus
463 1158 527 1208 Μ·
546 1158 689 1240 brevique
701 1170 832 1242 tempore
845 1160 1061 1222 formidabilem
1077 1161 1192 1222 civitati
1205 1161 1371 1242 potentium
1383 1181 1505 1243 comps-

383 1255 492 1320 Appia.
545 1257 632 1320 revit.
675 1257 762 1320 Nam
773 1278 870 1339 neque
883 1257 958 1320 Itali
970 1261 1099 1338 segniter
1112 1260 1269 1340 muniam
1279 1259 1416 1340 virosque
1430 1281 1505 1342 pre-

545 1354 670 1428 bebunt,
689 1366 722 1416 et
736 1354 898 1417 affluebant
920 1358 960 1419 ab
982 1356 1067 1424 Urbe
1088 1357 1234 1438 quotidie,
1252 1357 1361 1436 quibus
1378 1375 1507 1438 prensens

545 1453 715 1533 respublica
735 1453 923 1534 displicebat
967 1452 1087 1514 Idcirco
1107 1475 1147 1514 ex
1173 1453 1339 1514 delentibus
1361 1473 1505 1516 novorum

382 1543 534 1597 Vsu-¹1³⁰·
543 1549 655 1609 civium
669 1552 790 1630 triginta
809 1551 977 1630 legionibus
996 1551 1121 1622 effectis,
1144 1559 1179 1611 ut
1195 1551 1399 1612 auctoritstem
1413 1561 1506 1632 utque

544 1647 672 1724 gratiam
695 1648 808 1708 viribus
833 1647 968 1717 adderet,
990 1647 1028 1708 G.
1052 1647 1183 1708 Marium
1203 1655 1378 1728 ceterosque
1399 1649 1505 1710 exules

381 1743 437 1795 laiv-
448 1743 515 1810 Eptt.
545 1740 583 1802 ad
596 1745 833 1805 communionem
844 1743 1036 1806 consiliorum
1048 1753 1080 1805 et
1089 1745 1152 1824 spei
1165 1745 1312 1805 evocarit

381 1841 489 1908 Appin.
584 1846 635 1900 24.
657 1838 777 1902 Interea
790 1840 848 1902 Gn.
864 1841 1022 1912 Octavius,
1037 1840 1072 1902 L.
1083 1839 1206 1901 Merula
1214 1836 1352 1902 οοιιιιιΙιιι
1363 1839 1504 1902 adversus

543 1938 693 2016 provisam
706 1947 913 2019 tempestatem
931 1937 1018 1998 fossis
1038 1938 1240 2018 moenibusque
1253 1936 1426 2018 reparandis
1437 1957 1503 1998 mu·

542 2033 666 2094 ciebant
688 2034 823 2096 Urbem:
847 2035 1002 2098 machinas
1020 2035 1093 2096 locis
1110 2033 1224 2096 idoneis
1241 2035 1459 2116 disponebant:
1472 2044 1504 2096 et

378 2136 506 2249 82:3¹⁸ss
542 2131 615 2209 quia
635 2150 694 2192 non
714 2132 910 2194 abundabant
926 2133 1031 2214 copiis,
1054 2131 1241 2211 Metelloque
1268 2132 1372 2213 procul
1394 2141 1502 2210 agente

380 2281 408 2314 ι.
420 2238 446 2315 οἱ
456 2218 518 2314 Iri-⁰⁸
542 2227 634 2308 longa
644 2249 712 2311 spes
723 2229 904 2292 auxiliorum
921 2239 998 2302 erat,
1015 2231 1128 2292 circum
1148 2230 1236 2290 urbes
1253 2229 1377 2310 imperio
1394 2249 1502 2310 paren·
1554 2291 1559 2298 ,

377 2336 493 2462 epm.
542 2333 598 2398 tes,
617 2335 650 2399 et
667 2327 697 2388 in
711 2327 897 2410 C'ualpinam
910 2325 1046 2387 Galliam
1060 2324 1243 2396 missitundo,
1257 2326 1420 2386 exercitum
1429 2345 1501 2386 con·

480 2432 488 2447 ⁸
541 2424 711 2486 trabebant.
1069 2469 1072 2474 -

475 2549 480 2561 ·
581 2528 633 2582 26.
653 2521 709 2582 Ad
723 2522 782 2583 Cn.
795 2541 915 2604 quoque
925 2521 1105 2604 Pompeium
1116 2520 1320 2602 proconsulem
1333 2517 1425 2598 legati
1439 2521 1501 2580 ire-

395 2626 468 2680 Diod
475 2628 529 2681 Fet.
540 2629 618 2690 runt,
631 2621 683 2701 qui
701 2618 742 2681 ad
755 2620 946 2681 Adriaticum
960 2639 1052 2692 marc,
1072 2620 1124 2679 ubi
1139 2619 1273 2698 reliquiae
1292 2616 1391 2677 adbuc
1410 2614 1501 2679 Itali·

380 2706 486 2745 ΜΝ·
540 2737 643 2779 corum
662 2717 711 2781 M.
735 2716 911 2800 Lamponio‚
925 2717 973 2778 Ti.
988 2716 1110 2799 Cleptio
1122 2715 1249 2776 ducibus
1260 2713 1401 2794 agebant,
1414 2734 1499 2775 exer·

375 2821 440 2872 vell.
449 2840 480 2876 ιι.
488 2830 530 2878 21.
541 2814 615 2876 citui
628 2814 769 2876 Romsuo
781 2825 916 2897 preerat.
958 2813 1020 2875 Sed
1033 2813 1098 2887 ille,
1111 2814 1183 2894 quia
1195 2812 1350 2873 frustretus
1361 2829 1414 2893 spe
1426 2831 1499 2873 con·

539 2912 676 2973 flnuuudi
700 2912 872 2985 consulatus
893 2920 969 2983 erat,
991 2911 1064 2972 nihil
1083 2910 1123 2971 ed
1143 2909 1368 2991 rempublicam,
1386 2906 1440 2969 sed
1458 2908 1499 2969 sd

538 3028 622 3069 suum
635 3008 805 3072 utilitatem
814 3010 915 3070 omnis
932 3009 1058 3071 consilia
1077 3005 1216 3077 referens,
1229 3006 1273 3068 itu
1284 3024 1317 3066 se
1329 3004 1454 3065 dubium
1467 3014 1500 3067 et

374 3113 446 3163 Oros
454 3122 526 3167 ιιι).
538 3107 613 3166 inter
624 3116 762 3188 utrosque
773 3108 933 3187 ancipitem
944 3108 1043 3185 gessit,
1058 3114 1092 3166 ut
1102 3103 1250 3164 Cinnanae
1257 3101 1393 3171 lectioni,
1407 3120 1499 3181 quem

373 3212 428 3263 Lis.
441 3212 508 3278 Epic.
538 3204 578 3263 ab
591 3204 677 3265 initio
688 3203 832 3266 facillime
842 3214 975 3265 evertere
989 3204 1142 3286 potuisset.
1156 3203 1234 3263 vires
1252 3199 1350 3271 daret,
1369 3219 1424 3259 nec
1441 3199 1499 3259 nisi

537 3298 703 3381 profligatae
711 3303 778 3380 jam
788 3302 977 3381 optimatium
986 3320 1084 3360 causae
1095 3308 1288 3359 succurreret.

372 3407 481 3474 Appiae.
577 3404 627 3457 26.
649 3395 796 3467 Aduuato
815 3398 904 3477 igitur
923 3397 1069 3467 exercitu,
1091 3416 1159 3456 cum
1177 3404 1247 3455 ante
1264 3402 1380 3475 portam
1399 3394 1498 3458 colli-

537 3514 606 3554 nam
617 3505 717 3555 castra
729 3495 891 3576 posuissetg
906 3493 1011 3555 codem
1024 3504 1056 3554 et
1066 3492 1166 3553 Cinna
1175 3512 1243 3554 cum
1252 3490 1385 3551 Sertorio
1394 3513 1497 3573 super·

537 3594 741 3673 sonitusque
762 3592 857 3653 multo
873 3591 984 3653 abinde
1004 3589 1162 3652 intervallo
1182 3598 1281 3651 castra
1301 3598 1429 3649 motetus
1440 3598 1496 3649 eet.

372 3697 523 3752 vellosos
536 3689 648 3768 Pugna
667 3688 775 3749 deinde
798 3691 874 3750 inter
895 3688 1058 3749 Sertorium
1079 3696 1110 3749 et
1131 3686 1311 3767 Pompeium
1327 3687 1495 3757 commissa,

535 3806 604 3846 cum
622 3785 662 3846 ad
682 3796 842 3849 sexcentos
861 3785 1049 3856 cecidissent,
1068 3781 1233 3845 interventu
1254 3783 1352 3843 noctis
1370 3782 1497 3843 diremts

386 4002 464 4054 em,
479 4019 520 4071 .,,,
534 3882 954 4059 &dimili
969 3878 1338 4055 :tsltillilt
1352 3878 1494 4053 llil.

369 4068 506 4184 ffifkflffi‘·
534 4089 595 4140 tem
614 4079 800 4141 interficeret.
844 4080 923 4140 Eum
936 4078 1056 4151 deinde,
1074 4098 1143 4138 cum
1156 4077 1263 4137 mortui
1276 4094 1383 4156 corpus
1401 4075 1493 4157 spoli-

370 4170 442 4249 013„
461 4168 469 4184 ’
533 4176 614 4236 ando
625 4176 746 4237 fratrem
757 4177 934 4256 agnovisset,
944 4176 1058 4254 ingenti
1067 4173 1277 4235 lamentatione
1286 4170 1379 4242 edito,
1390 4190 1493 4251 rogum

368 4263 423 4313 Ltv.
434 4264 500 4329 Epis.
532 4274 714 4333 exstruxisse
735 4282 918 4342 memoraot;
940 4281 970 4333 et
989 4290 1149 4333 conscenso
1164 4290 1245 4349 rogo,
1259 4287 1328 4328 cum
1341 4266 1447 4327 οοᾱιιιιι
1460 4288 1493 4329 se

532 4368 635 4448 gladio
654 4368 849 4430 transfixisset
861 4391 919 4450 quo
932 4368 1051 4430 fratrem
1073 4368 1233 4437 occiderat,
1250 4384 1405 4427 commune
1423 4384 1493 4437 cum
