3300 5225
379 560 483 610 urani
510 559 574 609 xo.
596 555 925 639 suspicaturum.
1142 545 1230 612 4727

114 701 228 783 adegit,
243 711 296 764 ‘se
309 701 399 783 hujus
411 703 613 764 connorarsite
624 719 716 764 cansa
728 721 813 798 arma
823 723 883 762 non
902 703 1070 763 sumtrrros.'

114 801 244 882 Lepido,
254 820 290 860 ne
303 799 376 880 quid
389 801 419 860 in
434 799 518 860 Urbe
532 801 684 860 turbarum
694 799 791 872 daret,
799 799 951 860 exercitos
961 808 1069 880 etpro-

112 899 214 958 rincia
227 897 331 958 Gallia
346 906 426 957 trans
437 896 537 978 Alpes
549 896 679 958 decreta.
730 897 790 957 Ille
805 905 921 978 tempus
932 897 964 957 in
978 897 1067 958 Etru·
1096 903 1233 1020 sulbpiunt.

112 997 155 1056 ria
162 992 314 1066 ducendo,
326 993 448 1054 nolebat
459 994 498 1055 ad
511 995 633 1055 comitia
646 993 765 1066 reverti,
775 1014 812 1054 ne
822 994 937 1054 bellum
946 993 1027 1075 quod
1037 995 1067 1053 in
1080 983 1162 1099 {3de

112 1092 215 1154 animo
232 1091 364 1152 habebat
376 1091 574 1172 impediretur.
615 1089 755 1152 Putabat
767 1091 858 1163 enim,
871 1090 1067 1172 jurisjurandi
1081 1097 1146 1174 nor.
1171 1144 1181 1166 ,

112 1209 170 1250 non
195 1187 275 1248 ultro
292 1187 461 1247 consulatus
481 1197 615 1268 tempora
638 1185 766 1248 valitura
787 1185 860 1260 fide,
881 1187 1068 1268 postmodnm
1079 1163 1187 1228 ΔΡΡΜ·

113 1284 198 1346 nulla
212 1283 353 1362 religione
362 1283 534 1344 obstrictum
547 1283 587 1343 ad
601 1282 775 1344 servandam
788 1303 894 1364 pacem
905 1282 977 1348 fore.

150 1389 205 1442 11.
226 1378 302 1441 Non
314 1387 380 1440 erat
392 1381 549 1441 obscurum
560 1381 687 1449 senatui,
702 1379 774 1460 quid
787 1379 1069 1462 animiconsiliique

114 1476 230 1558 Lepido
250 1485 346 1537 esset:
368 1477 529 1558 presertim
549 1495 618 1537 cunr
642 1476 793 1537 Etruriam
809 1478 976 1557 conjurare,
999 1498 1067 1558 pro·
1080 1491 1178 1542 siltmt.

112 1574 237 1654 scriptos
257 1574 358 1644 acciri,
383 1572 566 1651 largitionem
589 1574 697 1634 tentmi
724 1574 929 1654 pernotuisset.
972 1573 1069 1653 Igitur
1080 1589 1189 1656 Appias.
1256 1639 1263 1650 ,

111 1689 265 1731 occurrere
274 1689 343 1730 eum
356 1667 395 1730 ad
408 1678 522 1750 tempus
533 1670 717 1731 comitiorum
725 1670 824 1750 jubet.
868 1670 912 1731 Et
921 1671 1068 1732 affuitille

111 1785 149 1826 ex
169 1767 305 1838 Etruria,
316 1765 377 1840 ¹sed
394 1785 461 1828 curn
478 1766 615 1827 universo
632 1768 778 1840 exercitu,
792 1787 882 1848 quern
898 1766 937 1828 ad
951 1767 1067 1828 Urbem

111 1864 260 1926 adducere
273 1885 373 1924 secum
385 1865 588 1926 constituerat.
630 1863 693 1925 Sed
700 1865 767 1944 Jam
779 1865 921 1926 Milvinm
934 1873 1066 1946 pontem,

110 1959 278 2041 collemque
296 1955 474 2022 Janiculum¹
487 1961 530 2027 Q.
550 1959 677 2020 Catulus
691 1961 794 2021 consul
815 1981 884 2022 cum
897 1960 957 2020 (ln.
970 1961 1064 2021 Pom·
1077 1969 1142 2020 Plor.

110 2058 177 2136 peio
200 2056 425 2139 preceperant.
456 2054 570 2117 Relata
589 2057 667 2118 enim
687 2056 737 2117 lex
757 2057 895 2127 Plautia,
915 2058 1066 2137 capitibus
1078 2035 1213 2165 LL'ieEpffi

109 2153 226 2234 aliquot
240 2154 376 2234 adjectis,
387 2161 490 2216 contra
499 2153 561 2215 rim
575 2153 739 2214 malorum:
753 2163 785 2216 et
794 2153 1000 2234 adjungensse
1011 2175 1062 2236 op·
1077 2164 1137 2214 cel.
1146 2180 1169 2214 c.
1178 2169 1221 2217 aa.

109 2251 266 2312 limatibus
290 2250 464 2332 Pompeius,
496 2249 608 2311 Catulo
633 2251 717 2332 pacis
739 2268 831 2332 quam
852 2249 925 2311 belli
951 2251 1065 2312 artibus
1076 2228 1232 2359 Pffiffl·
1335 2331 1338 2335 .

109 2348 304 2427 praestantiori
316 2347 404 2408 datus
417 2345 537 2428 adjutor
549 2347 658 2409 fuerat.

149 2451 200 2505 12.
223 2443 322 2524 Igitur
349 2443 479 2524 Lepidus
504 2463 587 2504 arma
611 2463 680 2504 suos
704 2463 812 2526 capere
834 2442 971 2524 imperat.
1014 2441 1066 2504 Fit
1077 2455 1185 2524 Appias.

109 2537 187 2600 idem
196 2549 228 2602 et
241 2561 261 2600 a
269 2549 389 2602 mustus
402 2541 545 2623 partibus,
559 2541 751 2623 praeliumque
763 2560 821 2601 non
834 2539 937 2623 procul
947 2537 1065 2621 Campo

110 2638 225 2699 Martio
238 2638 416 2705 conseritur.
455 2638 561 2699 Primo
574 2638 673 2699 statim
694 2640 806 2719 impetu
819 2637 922 2718 pulsus
933 2636 1064 2718 Lepidus
1075 2646 1140 2700 Flor.

109 2736 138 2795 in
160 2734 314 2797 Etruriam
334 2733 482 2817 perfugit:
507 2736 673 2817 Pompeius
693 2734 851 2797 adversum
870 2734 999 2795 Brutum
1018 2742 1229 2811 estPlutPomp.

109 2830 270 2912 proiectus,
294 2831 347 2912 qui
368 2831 484 2910 legatus
508 2831 615 2913 Lepidi
639 2831 775 2893 Galliam
796 2830 984 2911 Cisalpinam
1004 2850 1065 2891 non

107 2930 244 2993 invalida
253 2950 343 2992 mann
356 2930 521 2993 obtinebat.
565 2930 646 2991 Satis
657 2930 709 2991 diu
720 2929 833 2991 bellum
846 2929 877 2990 id
886 2937 1014 2991 tractum
1023 2928 1063 2990 ad

109 3026 264 3089 Mutinam
275 3035 340 3087 est:
357 3048 426 3089 curn
439 3036 538 3089 cestra
552 3030 656 3089 castris
673 3029 811 3109 opposite
827 3036 935 3100 essent,
954 3047 1009 3087 uec
1021 3026 1063 3089 ad

107 3146 251 3187 summam
264 3125 307 3185 rei
320 3124 492 3205 profectura
505 3127 668 3186 certamina
680 3135 911 3187 consererentur.
952 3125 1002 3185 Ea
1015 3145 1064 3187 res
1102 3176 1106 3185 .

110 3221 234 3303 Lepido,
244 3222 308 3301 qui,
321 3222 503 3283 circumacto
514 3222 629 3282 interim
640 3242 729 3294 auno,
739 3242 793 3303 pro
805 3220 928 3283 consule
937 3241 969 3283 se
978 3241 1063 3300 gere-

108 3318 172 3391 bat,
198 3319 292 3379 otium
314 3319 453 3399 prebuit,
474 3327 519 3388 ut,
541 3317 677 3379 collectis
698 3338 736 3379 ex
758 3318 897 3399 qualibet
911 3318 1063 3382 hominum

107 3412 182 3475 laece
194 3414 289 3495 copiis
307 3415 432 3493 magnis,
445 3414 485 3476 ad
500 3413 615 3477 Urbem
628 3412 773 3488 tenderet,
788 3415 979 3496 assidensque
992 3432 1062 3475 con·

109 3508 238 3571 sulatum
253 3509 380 3571 alterum
394 3510 565 3593 postularet.

148 3612 199 3667 13.
219 3605 275 3667 Ad
285 3605 398 3668 famam
407 3608 552 3669 venientis
564 3607 644 3669 lraud
657 3626 750 3689 parra
759 3606 791 3667 in
806 3605 892 3669 Urbe
902 3604 1062 3687 trepidatio

106 3700 181 3765 fuit:
205 3710 237 3765 et
259 3704 291 3765 in
313 3711 418 3763 senatu
439 3703 482 3771 Q.
504 3703 665 3786 Philippus
686 3705 716 3765 in
736 3704 801 3765 hmo
818 3704 910 3765 verba
926 3703 1060 3763 censuit:
1089 3710 1225 3764 suumne

109 3800 283 3868 ‘Quoniam
302 3798 435 3882 lepidus
449 3799 613 3863 exercitum
636 3802 753 3882 privato
769 3799 894 3861 consilio
913 3808 1061 3880 paratum,
1073 3777 1210 3895 {33⁰³ss

107 3916 177 3957 cum
189 3898 322 3978 pessimis
341 3905 373 3958 et
392 3898 526 3958 hostibus
541 3896 713 3979 reipublicae
728 3907 833 3959 contra
850 3898 940 3978 hujus
951 3894 1063 3957 ordinis

109 3995 316 4056 auctoritatem
329 3992 369 4053 ad
384 3992 500 4055 Urbem
517 3994 612 4066 ducit,
633 3994 677 4055 uti
690 3992 755 4074 Ap.
774 3993 921 4055 Claudius
932 3994 1061 4053 interrex

108 4108 176 4149 curn
190 4091 231 4158 Q.
244 4090 357 4151 Uatrrlo
370 4090 554 4172 proconsule,
566 4100 597 4151 et
604 4091 712 4151 ceteris
722 4090 829 4170 quibus
839 4089 994 4171 imperium
1004 4097 1061 4159 est,

109 4184 187 4247 Urbi
204 4186 343 4268 prasidio
361 4188 430 4261 sint,
451 4208 631 4270 operamque
646 4186 718 4249 deut
739 4206 776 4249 ue
797 4186 870 4269 quid
890 4184 1061 4268 respublica

110 4280 277 4344 detrimenti
290 4284 413 4365 capiat!

149 4384 195 4441 14.
217 4378 280 4443 Sed
294 4390 405 4443 metum
417 4381 478 4445 cito
495 4379 669 4445 ademerunt
681 4382 782 4445 allata
796 4400 814 4443 a
827 4378 975 4463 Pompeio
989 4377 1058 4439 lite·
1071 4392 1139 4467 Plus.
