3300 5225
431 548 535 599 ulum
559 547 686 601 LXXX.
710 548 1036 607 supratitulatum.
1201 498 1290 603 ‘4591

171 690 285 771 potius,
297 689 600 773 quemadmodumad
611 710 660 764 ea,
673 712 741 773 quae
754 691 881 774 cupiatis
891 692 1036 764 obtinere,
1053 691 1128 753 nibil

170 788 212 851 sit
234 787 355 853 illorum
375 808 520 849 consensu
541 798 594 849 aut
609 788 755 851 beneficio
768 810 861 871 opus;
883 810 1059 872 magnopere
1083 790 1128 849 iu-

171 894 282 947 teresse
302 886 428 971 arbitror
449 894 484 946 ut
499 904 568 967 qum
580 904 640 958 me,
652 885 741 967 bujus
757 886 928 969 reipublice
940 906 1001 947 non
1012 885 1126 957 nudem,

170 984 226 1045 sed
237 992 328 1045 aetate
347 1002 385 1045 ac
400 1002 455 1043 uso
476 983 553 1044 inter
570 982 691 1064 primos,
714 1004 762 1044 ras
783 984 856 1067 ipsa
874 984 1049 1056 docuerunt,
1069 984 1127 1046 boc

169 1092 306 1165 tempore
319 1100 377 1141 non
389 1078 580 1142 dissimulem.

200 1188 254 1243 80.
269 1178 351 1239 ‘Jam
358 1177 598 1240 olimincivitate
608 1186 708 1239 nostra
714 1177 781 1238 duae
788 1177 1124 1259 velutpartesiuenrnt:

170 1278 269 1339 altera
290 1283 419 1358 patrum,
444 1274 497 1355 qui
519 1274 617 1336 nescio
645 1295 699 1335 cur
718 1276 877 1357 optimates
894 1284 1056 1346 recentum
1081 1275 1126 1336 nl·

170 1386 238 1437 tera
250 1372 409 1443 libertatis,
427 1392 495 1453 quae
513 1372 586 1453 quia
602 1370 785 1437 multitudini
804 1373 952 1454 praecipue
965 1380 1051 1451 grata
1062 1393 1126 1433 esse

169 1472 291 1543 debuit,
304 1490 362 1531 uon
385 1469 440 1529 abs
460 1490 491 1529 re
511 1468 661 1551 popularis
681 1478 726 1531 est
745 1470 907 1531 nominata.
948 1468 1060 1550 Neque
1073 1492 1128 1532 nos

169 1564 428 1647 liujnsdiscordiae
441 1574 576 1627 auctores
592 1586 704 1639 snmus,
714 1564 767 1627 sed
777 1565 957 1646 simulatque
975 1586 1076 1645 regum
1086 1588 1125 1627 ex

171 1664 261 1725 Urbe
273 1672 420 1724 summota
436 1671 566 1744 potestas
577 1670 634 1735 est,
652 1670 770 1723 senatu
781 1665 854 1743 jura
865 1664 947 1742 regia
958 1664 1016 1723 sibi
1028 1664 1126 1723 vindi-

168 1782 242 1824 care
254 1761 367 1823 volnitt
389 1761 485 1843 plebs,
499 1778 589 1842 quam
609 1761 640 1821 in
653 1761 772 1840 regibus
787 1779 846 1820 uon
859 1760 976 1821 tulioeet
993 1759 1127 1821 domina·

169 1860 295 1931 tionem,
313 1878 379 1919 eam
392 1860 431 1919 ab
439 1854 512 1919 'aliis
528 1858 644 1920 civibus
656 1859 719 1940 pati
732 1858 886 1937 indignum
899 1857 1127 1920 intolerandum·

169 1970 240 2037 que'
248 1954 410 2037 judicavit.
452 1953 562 2015 Abeo
579 1962 720 2035 tempore,
741 1954 885 2035 quicquid
904 1974 957 2036 per
976 1954 1056 2034 leges
1072 1964 1125 2016 eut

169 2062 304 2113 armatas
315 2050 493 2133 quandoque
505 2049 668 2111 discordias
680 2060 781 2111 actum
794 2058 851 2123 est,
864 2049 995 2111 idemne
1008 2070 1045 2110 eo
1058 2070 1123 2131 per-
1153 2064 1228 2113 vano
1238 2065 1270 2113 de

167 2148 272 2221 tinuit,
286 2158 321 2209 ut
333 2148 381 2209 vel
403 2147 433 2207 in
454 2146 673 2207 multitudinem
689 2132 837 2208 dbminari
854 2147 943 2228 pauci
961 2155 1103 2228 cuperent
1112 2167 1121 2216 ;
1136 2126 1266 2246 {2:pr

169 2245 220 2307 val
245 2244 385 2307 adversus
403 2242 598 2325 cupiditatem
619 2262 781 2325 paucorum
811 2245 865 2324 jus
880 2262 973 2304 suum
998 2242 1127 2324 populus

169 2352 324 2405 mereret.

210 2446 263 2501 81.
283 2438 388 2499 ‘Inter
399 2436 465 2498 brec
478 2436 655 2517 quandoque
669 2444 842 2517 prestantes
857 2435 966 2498 virtute
981 2455 1018 2496 ac
1036 2420 1124 2498 meri·

168 2539 210 2598 tis
230 2536 289 2597 viri
308 2535 483 2605 extiterunt,
502 2533 612 2615 quiex
635 2552 721 2614 aequo
740 2532 884 2593 insidiam
905 2532 1080 2604 nobilitatis,
1093 2542 1125 2594 et

167 2635 324 2697 levitatem
344 2631 447 2714 populi
469 2631 610 2693 odissent.
652 2629 681 2689 li
702 2638 845 2710 tanquam
858 2629 967 2690 soliciti
984 2631 1123 2710 cautique

167 2733 391 2814 gubernatores,
413 2730 489 2790 inter
506 2735 670 2810 pugnantes
685 2735 788 2788 ventos
801 2728 845 2788 ita
859 2726 1029 2787 direxeruru
1041 2727 1122 2801 vela,

167 2841 204 2892 ut
215 2849 307 2912 quam
317 2828 439 2888 minima
445 2827 612 2905 jactatione
624 2833 656 2886 et
667 2825 789 2896 offensa,
800 2843 838 2884 ac
850 2822 915 2885 fieri
927 2845 981 2904 per
989 2832 1125 2906 tempora

167 2925 343 3010 reipublicae
358 2933 467 3006 posset,
480 2921 705 3005 tranquillitatis
719 2931 809 3003 atque
828 2921 995 2981 securitatis
1007 2931 1125 3002 portum

167 3027 349 3088 obtinerent
390 3020 452 3082 Sed
463 3029 496 3082 et
507 3019 562 3102 ipsi
575 3019 633 3091 illi,
645 3019 761 3100 quoties
773 3017 927 3078 destinatis
936 3038 998 3098 qua
1009 3018 1123 3082 instite-

166 3131 238 3184 rant
262 3122 314 3184 via
339 3119 428 3202 potiri
450 3139 535 3200 posse
556 3117 760 3199 desperarunt,
782 3115 983 3194 indignatione
1005 3125 1038 3176 et
1052 3117 1123 3179 odio

165 3220 297 3290 efferati,
307 3215 387 3298 quod
400 3213 476 3277 effici
489 3215 676 3297 persuasione
692 3233 730 3276 ac
741 3213 873 3275 moribus
885 3212 1039 3294 nequibat,
1052 3217 1083 3277 vi
1091 3226 1123 3278 et

166 3317 260 3380 amis
272 3313 390 3393 assequi
400 3319 597 3372 tentaverunt.

208 3420 262 3476 ιι.
282 3409 361 3471 ‘Ab
374 3409 420 3470 his
430 3406 513 3470 velut
524 3407 665 3481 fontibus,
686 3415 771 3469 tanta
783 3410 851 3488 jam
870 3417 970 3482 atate,
986 3412 1123 3492 prorupit

166 3513 313 3573 immensa
328 3506 373 3568 vis
389 3503 533 3566 undarum
546 3513 635 3584 atque
648 3503 803 3578 fluctuum,
821 3525 890 3586 quae
907 3506 1121 3588 rempublicam

166 3609 257 3671 toties
267 3603 477 3668 crudelissimis
493 3603 720 3683 tempestatibus
731 3612 873 3663 vexatam
885 3601 916 3663 in
930 3623 998 3664 eum
1010 3612 1121 3665 statum

164 3707 357 3784 redegerant,
370 3719 458 3782 quem
471 3699 557 3762 inviti
569 3707 777 3780 gementesque
789 3697 933 3760 videmus.
963 3699 1027 3761 Sed
1035 3701 1120 3760 nimi·

165 3823 233 3865 rum
243 3797 492 3882 quemadmodum
500 3798 529 3858 in
539 3796 677 3857 humanis
685 3797 868 3878 corporibus,
878 3797 995 3877 quoties
1006 3805 1122 3858 tentata

166 3901 273 3962 morbo
291 3905 371 3967 sunt,
389 3904 490 3976 optare
507 3893 657 3977 quidlibet
677 3893 758 3966 licet,
776 3891 841 3954 fieri
854 3894 910 3954 uisi
923 3892 1003 3974 quod
1016 3902 1121 3956 namra

164 3997 300 4081 patiatur
311 4013 370 4055 non
384 4001 496 4074 potest:
513 3994 556 4053 ita
565 3993 596 4052 in
609 3991 666 4070 haq
680 3991 851 4070 gravissima
859 3990 990 4052 civitatis
1002 3992 1121 4069 agritu-

162 4097 250 4168 dine,
263 4112 322 4154 ιιοιι
333 4089 472 4172 qualibus
484 4091 550 4170 quis
564 4088 661 4161 malit,
674 4087 803 4169 sedqnoe
815 4087 937 4149 suntad
950 4097 1121 4169 presentem

164 4213 253 4254 rmum
266 4186 572 4252 accommodatissima
584 4185 725 4256 remedia,
740 4187 777 4246 iis
789 4184 932 4246 ιιιιιιΙιιιιι
944 4194 998 4245 est.

206 4295 268 4351 ³23..
280 4298 290 4325 ⁶
304 4287 407 4348 Etiam
419 4283 527 4344 medici
538 4283 677 4345 devenire
691 4283 731 4344 ad
741 4281 849 4343 serrum
861 4291 893 4342 et
905 4283 1003 4362 ignem
1012 4280 1118 4354 solent,

165 4388 218 4450 ubi
230 4386 346 4448 leniora
358 4381 488 4446 mmedia
500 4381 635 4465 pertinax
650 4381 769 4444 morbus
778 4379 908 4463 respuit:
930 4382 1118 4461 nequesaevi-
