3300 5225
367 573 371 580 .
401 531 504 582 urani
528 529 641 582 xorn.
663 531 990 584 surrusnanrun.
1170 517 1259 586 4769

141 677 173 738 ἰιι
187 675 352 738 custodiam
364 667 499 748 dederat,
508 675 673 738 incredibili
681 676 836 739 celeritate
844 685 991 750 revectus,
999 677 1093 760 princ

139 795 233 854 quam
246 773 315 835 ullae
327 774 514 854 supervenire
526 774 709 856 proconsulis
725 774 860 856 epistole
877 784 1006 856 ponent,
1019 775 1092 836 affe·

139 872 185 931 cit
204 891 241 932 eo
258 871 416 952 supplicio,
434 871 515 951 quod
541 891 618 952 saepe
638 871 764 954 minatus
786 891 839 954 per
855 871 959 950 jocum
984 871 1091 934 iuerat.

138 965 204 1027 Sed
217 988 255 1030 ne
268 987 288 1028 a
300 967 422 1028 ienitate
434 978 547 1027 naturae
559 985 621 1028 suae
633 966 819 1040 descisceret,
832 976 974 1029 ettamen
986 969 1091 1050 imple-
1118 976 1217 1028 socon.

137 1072 186 1123 ret
199 1063 344 1125 dictorum
357 1062 458 1134 fidem,
473 1063 607 1144 jugulari
620 1063 712 1146 prins,
721 1064 830 1126 deinde
841 1066 980 1126 crucibus
994 1065 1090 1146 suffigi
1103 1044 1167 1093 ⁰⁸⁸·
1179 1059 1202 1094 ⁰·
1210 1049 1253 1096 ⁷⁴·

130 1161 236 1238 jussit.

179 1263 230 1317 26.
252 1255 319 1320 Hic
346 1257 435 1336 igitur
465 1254 580 1330 (ἔπειτ,
600 1275 681 1328 cum,
715 1255 894 1318 Mithridate
925 1258 1091 1339 provincius
1118 1275 1219 1326 Suetus.

135 1351 295 1415 Manae
321 1362 469 1425 amante,
502 1373 548 1414 res
576 1353 615 1416 ad
640 1351 839 1414 defectionem
863 1364 1023 1436 spectaret,
1049 1338 1199 1419 ώσω·
1210 1345 1236 1394 ⁴·

135 1449 262 1524 Rhodo,
284 1473 345 1533 quo
364 1448 562 1534 pertenderat,
583 1452 614 1512 in
632 1449 739 1512 Asiam
758 1451 907 1532 proiectus
929 1463 995 1514 est:
1015 1475 1086 1516 con-

131 1549 297 1630 tractisque
319 1550 465 1610 sociorum
486 1547 617 1621 auxiliis,
637 1557 669 1608 et
695 1547 835 1630 praelecto
860 1550 940 1630 regis
969 1553 1086 1631 provin·

129 1645 184 1704 cia
201 1644 336 1726 expulso,
354 1644 462 1706 dubios
480 1665 516 1706 ao
533 1640 731 1705 deliberantes
747 1646 904 1706 civitatum
923 1647 1038 1708 animus
1053 1651 1087 1708 in

130 1740 195 1802 tide
207 1743 365 1804 continuit.
407 1741 495 1803 Idem
503 1743 573 1824 'peri
585 1741 696 1814 studio,
709 1743 886 1804 auctoritato
898 1746 1012 1825 maj0re
1026 1744 1086 1807 Lu·
1098 1755 1249 1874 ⁰’Plnptlna

128 1839 232 1900 cullus
247 1840 349 1902 consul
367 1839 508 1912 iaciebat,
522 1839 584 1921 qui,
598 1840 686 1900 rebus
698 1840 818 1901 urbanis
828 1849 989 1922 utcumque
1003 1861 1085 1908 eorn-

127 1939 247 2019 positis,
259 1940 371 2000 interea
381 1940 412 2000 in
425 1939 607 2021 provinciam
619 1940 753 2000 venerat.
787 1937 872 2000 Nam
885 1940 924 2001 ob
936 1939 1085 2004 delectum
1159 1999 1162 2002 ,

125 2043 197 2098 erat
207 2045 339 2100 moratus
359 2046 391 2098 et
407 2036 560 2098 tribunitia
567 2035 681 2116 jurgia,
694 2055 761 2097 cum
777 2034 813 2098 L.
835 2036 973 2110 Quintio,
986 2041 1085 2120 quoti·

124 2131 179 2192 die
193 2133 347 2196 seditiosas
359 2135 516 2196 conciones
527 2134 663 2205 habenti,
675 2153 789 2194 summa
798 2135 830 2196 vi
842 2135 1007 2198 rennueret:
1028 2137 1085 2200 do·
1111 2153 1170 2202 sm.
1179 2153 1246 2205 nist.

124 2249 184 2290 nec
197 2231 355 2292 insolentia
370 2232 497 2292 hominis
513 2231 634 2292 mitibus
645 2231 794 2304 remediis,
806 2231 941 2294 docendo
952 2235 1083 2296 mulcen-
1094 2219 1248 2336 ffiffi'h

120 2327 239 2408 doque,
251 2329 394 2403 cohibita,
408 2348 475 2391 cnm
492 2349 552 2390 ana
564 2329 680 2409 legione
693 2329 828 2410 pervenit
840 2329 870 2390 in
882 2329 1007 2393 Asiam:
1029 2331 1083 2394 ad·
1112 2349 1165 2398 cic.
1176 2365 1221 2412 pro

113 2427 295 2508 junctisque
315 2426 481 2508 legionibus
500 2434 639 2509 quatuor,
658 2425 790 2508 pedihrm
809 2427 1013 2489 Romanorum
1029 2410 1226 2527 tri-fgfffl‘ffl·

119 2525 210 2604 ginta
222 2524 329 2597 millia,
343 2525 458 2606 equites
469 2525 518 2586 bis
534 2524 617 2586 mille
635 2525 811 2607 quingentos
828 2525 950 2598 ducens,
963 2528 1032 2606 jam
1049 2529 1080 2589 in
1107 2540 1217 2606 Appias.

119 2622 294 2705 Phrygiam
307 2643 399 2703 usque
412 2631 613 2704 processerat:
634 2642 714 2695 cum,
729 2621 859 2685 adventu
872 2626 938 2703 ejus
949 2626 1082 2704 cognitu,
1092 2605 1216 2695 mm,

120 2721 172 2782 M.
189 2720 293 2793 Cotta,
308 2742 345 2781 ne
358 2740 426 2782 cum
438 2720 555 2801 collega
566 2719 712 2781 debellati
723 2721 801 2799 regis
812 2720 934 2781 laudem
945 2742 1079 2784 commu·
1090 2734 1157 2786 Plut.

115 2820 248 2891 nicaret,
262 2817 302 2880 ad
315 2816 535 2879 Chaloedonem
548 2835 617 2877 cura
629 2815 805 2877 Mithridate
815 2816 973 2899 confligere
983 2814 1080 2880 matri·

116 2916 210 2977 ravit.
330 2934 336 2943 ·

159 3017 214 3072 26.
238 3008 350 3091 Neque
363 3017 462 3071 tamen
475 3010 551 3091 ipae,
569 3016 604 3070 ut
622 3017 687 3071 crat
698 3009 873 3071 bellicorum
885 3013 1078 3073 certaminum
1090 3018 1199 3085 Appias.

114 3107 214 3178 rudis,
229 3106 348 3187 prodire
360 3126 458 3177 ansus,
472 3103 600 3166 Nudum
613 3104 785 3186 praelectum
795 3106 900 3167 classis
910 3127 979 3168 cnm
993 3118 1077 3189 parte

113 3205 270 3278 exercitus
286 3202 392 3263 emisit.
435 3201 510 3272 Qui,
524 3202 597 3263 licet
608 3202 832 3263 munitissimam
843 3204 943 3285 campi
962 3214 1077 3285 partem

112 3310 305 3382 oocupaoeet,
328 3320 348 3360 a
372 3297 551 3360 Mithridate
575 3298 687 3379 pulsus,
709 3319 761 3380 per
786 3298 881 3360 multa
906 3309 1077 3362 conscensu

111 3398 256 3459 difficilia
267 3404 352 3479 septa
364 3395 588 3457 Chalcedonem
607 3416 685 3476 aegre
697 3395 824 3477 refugit5
847 3397 948 3458 multia
961 3398 991 3458 in
1010 3400 1078 3481 ipsa

110 3503 217 3577 porta,
237 3493 307 3555 dum
321 3491 447 3555 conferti
461 3502 665 3574 perrumpunt,
679 3492 748 3555 telis
758 3494 949 3555 barbarorum
966 3495 1076 3557 caden-

109 3594 206 3654 tibus.
252 3590 339 3651 Metn
351 3587 461 3650 deinde
472 3588 583 3651 clausis
601 3590 706 3671 portis,
720 3588 833 3650 Nudus
844 3598 876 3651 et
894 3591 948 3652 alii
965 3590 1076 3653 dueum

107 3689 238 3750 funibus
261 3686 399 3749 subducti
424 3693 511 3746 arunt:
540 3684 687 3766 reliquum
709 3685 828 3765 vulgus,
852 3707 922 3748 cum
945 3688 1016 3749 hino
1034 3689 1075 3749 ad
1155 3740 1160 3747 .

105 3806 192 3858 snus,
207 3784 278 3845 inde
291 3782 332 3845 ad
344 3782 459 3844 bostem
471 3781 622 3864 supplices
634 3802 740 3844 manua
752 3783 898 3855 tenderet,
913 3804 969 3845 nec
991 3783 1073 3865 apud

105 3884 181 3944 illos
192 3882 321 3954 auxilio,
335 3902 391 3942 nec
404 3878 484 3963 apud
504 3880 585 3941 hunc
608 3876 809 3942 misericordia
829 3882 960 3953 invente,
981 3882 1072 3942 truci·

104 3983 216 4043 datum
229 3988 284 4040 est.
327 3977 431 4039 Millia
452 3978 584 4060 quinque
605 3986 763 4048 trecentos,
778 3986 809 4038 et
822 3978 854 4038 in
867 3978 913 4039 bia
927 3976 964 4039 L.
980 3978 1070 4038 Man·
1085 3986 1212 4040 Memnon.

103 4078 184 4139 burn
196 4086 363 4138 senatorem
377 4096 414 4137 ea
425 4074 527 4137 clades
541 4074 693 4135 absumsit.
737 4073 786 4135 De
800 4075 972 4146 victoribus,
989 4075 1069 4135 Bes·
1082 4050 1210 4167 affin·

102 4186 273 4247 ternorum,
286 4194 410 4255 quorum
419 4173 576 4254 singularis
584 4192 621 4233 eo
630 4171 734 4255 praelio
744 4172 837 4233 virtus
848 4172 916 4246 init,
927 4174 1067 4253 triginta3

100 4285 275 4338 ceterorum
289 4272 329 4333 ad
342 4272 542 4353 septingentos
554 4272 734 4333 ceciderunt.

144 4378 202 4437 27.
225 4369 418 4433 Mithridates
431 4369 572 4431 utendum
586 4369 716 4440 fortuna,
729 4368 825 4429 donec
840 4366 966 4449 propitia
978 4377 1065 4441 esset,
1080 4379 1188 4445 Appiae.
