3300 5225
875 603 919 673 r,
934 602 1032 652 nrrrr

554 763 648 827 usqne
662 743 701 806 sd
715 742 819 806 infelix
835 744 893 806 boc
903 743 1017 806 beilum
1029 744 1188 826 obsequiis.
1230 741 1369 806 Eundem
1381 745 1508 816 exitum,

521 897 523 902 .
553 851 588 903 nt
609 861 770 924 speremus,
793 862 872 902 nuno
894 862 1014 923 qnoque
1030 841 1157 913 dabunt,
1174 861 1270 922 eoque
1287 841 1508 923 optabiliorem,

553 939 633 1021 quod
646 948 678 1000 et
689 939 829 1000 redibunt
840 940 870 999 in
884 937 974 1000 iidem
985 947 1114 1000 vestrm
1127 939 1180 1020 qui
1191 937 1383 1016 defeceruat5
1397 948 1430 1001 et
1440 959 1510 1022 per·

553 1045 674 1118 petuam
698 1036 853 1098 vobiscum
880 1036 1043 1098 amicitiem
1071 1035 1182 1108 colent,
1218 1056 1272 1096 suo
1296 1035 1377 1096 malo
1400 1033 1509 1096 iterum

431 1153 438 1168 ·
553 1131 661 1205 edocti,
676 1151 734 1192 non
748 1131 835 1193 aliter
848 1131 949 1194 Italite
961 1132 1086 1194 salutern
1103 1141 1194 1214 atque
1205 1129 1380 1211 dignitatern
1392 1131 1510 1200 salsam

552 1248 616 1290 esse
630 1249 726 1310 porse,
745 1230 800 1291 nisi
820 1227 952 1291 Romsm
969 1231 1114 1312 imperare
1130 1230 1272 1310 patietur,
1290 1227 1423 1289 ”cundo
1440 1237 1511 1310 post

553 1327 717 1410 prinoipem
733 1337 877 1388 terrarum
894 1329 998 1390 arbem
1015 1327 1083 1390 ioco
1099 1336 1249 1388 contente.

594 1429 646 1486 82.
667 1433 677 1490 ,‘
693 1423 773 1485 Satis
784 1434 902 1486 constat
917 1424 1074 1488 nonnullos
1094 1424 1221 1506 populos
1232 1422 1273 1484 de
1289 1441 1365 1504 pace
1377 1422 1509 1504 petenda

552 1519 727 1592 deliberare,
741 1539 796 1582 nec
808 1521 871 1582 alia
883 1543 915 1582 rc
926 1523 1020 1601 magis
1031 1522 1162 1592 retineri,
1175 1541 1265 1601 quem
1283 1521 1388 1580 timore
1400 1539 1439 1579 ne
1450 1518 1508 1578 du·

554 1619 633 1678 riors
651 1619 831 1700 imperentur
855 1638 946 1698 quam
965 1617 1041 1679 ferre
1060 1627 1181 1698 queant.
1231 1617 1282 1677 De
1303 1617 1350 1678 lais
1370 1615 1507 1698 profecto
1551 1646 1555 1650 -

552 1711 676 1774 dubium
689 1733 751 1776 esse
773 1735 831 1776 non
850 1723 959 1796 potest,
973 1716 1044 1796 quin
1061 1712 1148 1776 dmul
1167 1714 1252 1775 nobis
1269 1714 1387 1775 veniam
1402 1712 1508 1774 datsnr

552 1812 754 1890 cognoverint,
780 1813 914 1894 protinus
937 1814 969 1873 in
992 1821 1092 1894 partes
1117 1819 1230 1872 vestras
1257 1810 1318 1870 sint
1342 1810 1506 1870 trunsituri.

553 1905 635 1979 Hos,
653 1916 687 1968 ut
700 1905 746 1979 fit,
764 1909 817 1982 alii
832 1907 943 1989 aliique
960 1917 1130 1989 sequentur,
1147 1916 1179 1967 et
1194 1899 1285 1987 quam
1305 1904 1429 1966 Italiam
1442 1925 1507 1967 ms·

446 2017 448 2022 ’
547 2004 631 2082 jorcs
647 2007 738 2066 vestri
757 2026 810 2088 per
826 2006 937 2066 multas
955 2013 1059 2066 etates
1075 2003 1248 2086 perdomare
1261 2004 1314 2065 rix
1334 2012 1507 2084 potuerunt,

552 2119 619 2162 cem
636 2102 800 2163 universnm
818 2104 924 2184 paneis
939 2103 1089 2164 mensibus
1105 2101 1262 2182 recipiet'n.

593 2205 644 2260 33.
665 2207 675 2236 ⁴
691 2199 833 2262 Ceteram
847 2200 920 2281 qnia
931 2220 1028 2280 neque
1044 2200 1101 2259 tibi
1114 2196 1238 2260 consilio
1249 2205 1350 2258 nostro
1362 2217 1438 2278 opus
1450 2205 1508 2269 est,

551 2302 584 2354 et
600 2313 654 2356 nos
665 2293 857 2376 deprecatum
866 2297 960 2378 magis
973 2295 1129 2357 commissa
1141 2314 1233 2374 quam
1250 2301 1408 2375 purgatum
1424 2282 1508 2354 reni-

552 2411 618 2452 mus
628 2412 637 2462 3
659 2393 774 2454 omissis
793 2413 861 2473 quae
882 2394 913 2454 in
933 2392 1020 2454 iliam'
1034 2401 1148 2474 partem
1167 2390 1347 2461 dicerentur,
1358 2388 1509 2471 supplices

552 2489 693 2575 pronique
720 2499 751 2552 te
779 2511 929 2571 rogamus,
956 2499 989 2551 et
1014 2510 1066 2572 per
1086 2508 1258 2552 communes
1279 2487 1374 2559 Deos,
1395 2507 1508 2570 perque

552 2585 628 2647 banc
646 2595 798 2670 parentem
823 2597 1012 2670 utrommque
1029 2597 1137 2649 terram
1159 2587 1352 2657 obtestamur,
1371 2593 1406 2646 nt
1423 2587 1509 2647 unius

554 2685 623 2743 enni
641 2685 750 2747 crimen
770 2696 816 2748 tot
837 2684 964 2747 aliorum
983 2686 1133 2767 perpetuis
1152 2683 1273 2753 meritis,
1293 2692 1326 2742 et
1344 2702 1507 2763 paucorum

553 2777 749 2842 deiectionem
766 2791 812 2843 tot
829 2781 955 2843 millium
971 2782 1120 2843 constanti
1143 2778 1213 2839 fidei
1232 2779 1435 2858 obsequioque
1452 2778 1507 2839 do·

554 2894 615 2937 nes.
659 2878 736 2939 Rari
761 2879 843 2961 spud
866 2899 920 2939 nos
940 2886 1057 2959 sponte,
1082 2877 1199 2958 reliqua
1219 2874 1379 2936 mulumdo
1400 2884 1508 2937 eoacta

553 2971 717 3056 decepture
738 2973 845 3036 sermm
871 2974 1009 3036 adversus
1029 2994 1083 3035 vos
1104 2974 1305 3034 strinxerunt:
1331 2980 1364 3031 et
1384 2992 1438 3061 pro
1461 2973 1509 3033 bis

554 3071 632 3131 ausis
649 3080 782 3133 restaura
803 3090 885 3151 eger,
907 3090 993 3133 oaesae
1017 3072 1154 3132 cobortes
1170 3078 1286 3141 nostr-e,
1304 3069 1438 3129 maxime
1458 3090 1506 3129 ur·

554 3166 635 3227 bium
648 3178 738 3250 capta
746 3167 934 3251 direptaque,
946 3169 1054 3229 satiare
1067 3167 1188 3229 victoris
1200 3167 1274 3226 irem
1288 3174 1461 3247 potuerunt,
1473 3175 1509 3226 ut

554 3264 660 3324 occisis
677 3266 809 3347 captisve
827 3264 997 3331 unctoribus
1015 3273 1047 3324 et
1062 3262 1262 3324 cmrcitoribns
1279 3259 1363 3332 belli,
1377 3262 1507 3342 reliquo·

554 3379 620 3419 rum
632 3362 799 3423 necessitati
819 3370 872 3422 sut
888 3362 978 3422 errori
998 3359 1132 3443 placatus
1152 3380 1188 3421 ae
1207 3357 1312 3419 lubens
1329 3359 1507 3438 ignosceres.

430 3444 432 3449 ⁸
556 3454 630 3518 Hoc
650 3466 683 3518 et
705 3459 809 3520 nostris
831 3459 967 3541 precibus
984 3468 1014 3519 te
1031 3476 1235 3518 concessurum
1252 3476 1317 3516 esse
1336 3458 1508 3536 sperabant,

555 3554 607 3633 qni
623 3562 777 3637 propterea
792 3576 845 3616 nos
863 3556 1012 3635 legarunt,
1031 3555 1103 3635 quia
1122 3561 1240 3634 propter
1257 3553 1454 3613 constantiam
1475 3553 1508 3612 in

555 3649 703 3713 Romanis
719 3654 853 3735 partibus
875 3653 915 3712 ab
932 3651 1057 3713 adversa
1075 3648 1204 3711 sectione
1224 3648 1320 3709 multa
1341 3668 1506 3729 perpessos,

555 3746 635 3833 apud
660 3769 715 3810 vos
739 3750 882 3830 grsticsos
900 3748 976 3810 iore*
988 3748 1223 3810 arbitrabantur:
1243 3754 1277 3806 et
1290 3746 1317 3806 si
1335 3746 1427 3806 nostri
1447 3761 1507 3805 non

555 3843 699 3906 babeatur
715 3846 803 3918 ratio,
819 3846 859 3908 ad
873 3846 948 3907 alios
963 3865 1059 3927 neque
1076 3864 1187 3926 paucos
1201 3862 1297 3924 neque
1314 3850 1507 3905 contemnen-

508 3938 513 3943 ’
553 3942 610 4003 dos
626 3942 831 4025 deprecetores
847 3944 970 4025 respice.

394 4046 542 4099 vethralo.
595 4046 645 4102 34.
668 4038 823 4123 ‘Respice
844 4040 1005 4102 Minatium
1023 4040 1102 4099 bane
1122 4036 1270 4115 Magium,
1284 4035 1335 4116 qui
1348 4036 1461 4096 avitam
1475 4036 1507 4097 in

555 4135 695 4218 populum
713 4136 886 4198 Romanum
906 4136 1008 4209 tidem,
1028 4134 1125 4195 dubii's
1149 4133 1342 4214 temporibus,
1362 4131 1507 4210 singulari

553 4232 651 4294 studio
665 4252 700 4295 ue
713 4235 821 4295 virtute
834 4233 946 4295 retulit.
972 4232 1054 4294 Satis
1065 4232 1106 4293 sit
1117 4229 1163 4291 illi
1174 4249 1268 4290 caesss
1277 4229 1387 4291 civium
1397 4236 1506 4302 strues,

553 4338 585 4389 ct
597 4329 741 4393 fumantis
756 4331 860 4413 patriae
872 4340 953 4394 tecte
964 4329 1090 4392 uidisse:
1107 4348 1144 4389 nc
1157 4327 1324 4388 universum
1336 4345 1397 4387 sue
1410 4327 1509 4405 genus
