3300 5225
397 593 503 643 srsnr
528 592 990 645 reineresbrunnen.
1163 571 1252 648 ttns
1384 626 1398 643 .

126 750 215 801 mem
238 736 316 811 iore,
339 746 483 821 tanquam
508 738 658 801 renuenti
682 738 825 818 ingestam
852 736 1088 801 misen

124 845 274 908 comeret,
294 834 465 915 hujusmodi
476 834 641 895 ontionem
653 854 736 897 orsus
752 844 815 897 est:
837 843 847 871 ⁴
862 833 986 897 lintius
1003 837 1088 917 equi·

125 935 199 996 dem
212 952 266 1016 pro
278 930 488 993 benevolentis
499 938 599 993 restra
610 934 697 994 robis
709 952 779 1012 ago,
798 952 973 1014 semperque
986 954 1087 1013 agam,

126 1033 277 1103 Quirites,
290 1048 415 1111 qnorum
424 1029 456 1089 is
467 1048 515 1093 ma
528 1028 662 1091 ornando
673 1038 818 1113 perpetuo
828 1030 975 1093 indefessa
986 1030 1088 1094 studia

125 1130 258 1191 namna
299 1126 442 1187 Ceterum
461 1134 493 1187 at
513 1127 598 1189 vobis
617 1128 648 1187 in
669 1126 834 1189 tribuendis
852 1128 1012 1189 bonoribus
1030 1130 1087 1191 iun·-¹

124 1228 289 1309 periitque,
302 1234 335 1286 et
345 1224 421 1285 mibi
434 1224 465 1285 in
478 1224 660 1307 accipiendis
670 1224 775 1287 modus
787 1224 899 1306 aliquis
909 1246 974 1288 esse
985 1225 1088 1289 debet.
1178 1283 1180 1288 .

170 1329 221 1385 12.
240 1332 250 1359 ‘
264 1322 345 1391 Quae
358 1322 461 1403 populi
475 1320 611 1384 Romani
624 1322 772 1405 principes
784 1323 865 1383 omni
877 1341 942 1385 aero
953 1324 1006 1385 rix
1019 1333 1088 1405 post

125 1418 250 1500 longam
268 1427 388 1481 cutem
405 1418 555 1482 consecuti
574 1426 654 1492 sunt,
674 1438 712 1480 ea
731 1420 762 1479 in
773 1438 835 1507 me
844 1438 937 1500 prope
949 1438 1086 1500 puerum,

123 1526 208 1579 certe
217 1515 449 1588 adolescentem,
461 1514 656 1595 congenistis.
691 1514 1086 1583 Quibruannistirocinium

124 1632 193 1675 ane
212 1612 338 1676 aliorum
354 1612 443 1684 solet,
464 1614 672 1693 imperatorem
692 1630 779 1693 agere
801 1620 933 1684 coactum,
955 1614 1009 1675 vix
1030 1634 1084 1675 un-

124 1732 219 1792 quam
239 1720 343 1794 postes
362 1711 552 1792 interquievi,
569 1730 637 1773 cum
653 1718 768 1771 ceteras
784 1710 942 1795 continuas
959 1711 1085 1792 expedie·
1117 1710 1120 1718 '

122 1809 224 1869 tiones
236 1808 438 1889 gravissimum
451 1816 483 1869 et
494 1807 666 1872 diuturnum
678 1816 747 1869 'cnm
760 1806 893 1869 Sertorio
904 1808 1085 1871 bellum-ex-
1152 1874 1157 1888 ,

122 1907 264 1987 cepisset
304 1905 418 1987 Neque
437 1926 533 1967 annos
553 1926 634 1967 meos
654 1906 913 1987 computaverim:
933 1906 1086 1987 stipendia

123 2005 227 2086 potins
239 2012 406 2075 numeram
428 2012 560 2085 atquem
573 2002 751 2083 longissime
761 2003 834 2065 vite
846 2004 944 2085 spstio
955 2002 1085 2065 fructum

69 2158 70 2161 ,
123 2120 166 2161 ox
188 2100 307 2161 homine
327 2120 444 2181 sperare
465 2100 644 2182 potuissetis,
659 2102 728 2180 jam
748 2119 788 2161 ex
807 2120 857 2161 me
875 2108 998 2182 captum
1020 2120 1085 2162 esso

122 2205 271 2279 reputate.
319 2196 394 2257 Non
411 2206 511 2279 potest
524 2218 543 2259 s
555 2196 723 2259 mortalium
740 2196 911 2259 conditione
928 2196 1083 2278 postulari,

122 2302 170 2365 ut,
192 2294 218 2355 si
237 2302 307 2355 ante
326 2314 419 2355 annos
436 2294 526 2355 robur
546 2292 668 2374 aliquod
681 2292 874 2356 ostenderunt
891 2294 1083 2365 maternitatis,

121 2386 206 2451 idem
221 2390 261 2453 sd
273 2390 414 2452 ulteriora
423 2390 494 2453 vitm
506 2398 640 2473 tempora
652 2389 811 2473 perierant.
853 2389 957 2451 Etiam
968 2388 1097 2452 fructus.

122 2488 218 2571 paulo
242 2490 435 2571 prsseociores
458 2490 579 2551 minime
600 2488 751 2552 durabiles
772 2496 861 2549 sunt:
885 2497 917 2549 et
941 2487 1083 2549 animans

123 2606 252 2669 quorum
270 2586 443 2668 magnitudo
460 2588 596 2672 vbssqu
614 2586 704 2672 velox
725 2587 939 2650 incrementum
955 2586 1082 2661 babent,
1148 2617 1155 2632 ν

121 2685 213 2745 citius
230 2695 453 2748 consenescunt.

167 2787 217 2842 13.
237 2782 357 2851 ‘Quod
377 2784 403 2843 sl
423 2782 501 2843 sorte
521 2782 610 2843 robur
630 2782 720 2842 animi
740 2782 929 2864 corporisque
949 2781 1083 2842 nondum

121 2878 168 2938 ita
179 2889 365 2940 consumtum
377 2889 464 2952 osset,
482 2889 517 2941 ut
528 2879 669 2961 periculis
681 2879 893 2959 laboribusque
905 2878 979 2941 belli
991 2879 1081 2959 bajus

120 2975 219 3057 imper
240 2977 406 3040 existimari
428 2978 569 3046 deberet:
599 2976 778 3040 invidiosum
794 2985 895 3038 nmen
917 2985 982 3036 erat
1002 2977 1083 3037 intes

121 3081 169 3132 tot
181 3074 313 3152 egregios
325 3075 403 3135 viros
416 3074 455 3136 ad
473 3095 520 3134 me
539 3073 721 3156 potissimum
742 3073 886 3156 populum
907 3071 1080 3136 Romanum

120 3170 279 3252 respicere.
322 3169 469 3251 Magnum
481 3179 529 3232 est
539 3179 570 3231 et
582 3170 771 3231 intolerabile
784 3168 982 3238 aemulationis
993 3189 1081 3242 onus,

119 3265 183 3338 cni,
196 3287 228 3328 ss
240 3285 308 3328 cum
320 3277 419 3348 potest
430 3268 608 3340 subducere,
620 3269 759 3329 humeros
771 3288 859 3329 nemo
869 3267 999 3350 prodem
1008 3267 1091 3328 sib--
1183 3293 1187 3301 ·

114 3361 236 3441 jecerit.
278 3363 378 3444 Igitur
394 3364 577 3446 jampridem
604 3363 686 3424 baud
711 3365 809 3425 minus
828 3365 973 3426 bonorum
991 3362 1081 3425 labo-

119 3478 259 3540 rumqne,
280 3480 370 3541 quam
387 3461 507 3522 insidiae
522 3469 615 3532 sanir,
633 3460 750 3533 consul,
765 3461 809 3521 uti
824 3460 1008 3531 meministis,
1024 3461 1241 3541 jur-venrant.
1337 3537 1347 3546 ,

119 3557 210 3627 ravi,’
240 3557 354 3618 nullam
374 3557 405 3618 in
427 3558 611 3639 provinciam
630 3576 670 3618 ex
694 3577 732 3619 ec
754 3558 926 3637 magistr-ctu
946 3558 1078 3620 iturum

120 3661 130 3690 ‘
146 3651 238 3733 idque
258 3655 384 3716 servavi.
434 3652 530 3715 Nunc
542 3654 696 3732 exsolutis,
719 3663 754 3716 ut
771 3675 869 3736 spero,
887 3674 957 3734 qnae
973 3654 1082 3735 patria

118 3747 317 3822 debebantur,
338 3769 401 3812 rem
420 3769 468 3812 me
490 3769 549 3810 non
574 3749 697 3812 arduam
722 3771 780 3812 nec
798 3752 932 3831 iniquam
951 3771 974 3812 c
990 3751 1080 3813 vebis
1088 3769 1147 3823 Dio.

119 3855 195 3927 puto
214 3857 392 3939 propellere,
412 3857 446 3910 st
465 3845 629 3930 aliquando
641 3847 760 3912 bellicis
775 3848 930 3910 laboribus
949 3867 1077 3911 vacum

118 3943 194 4004 mibi
206 3943 336 4024 meisque
348 3945 451 4006 sinan's
462 3945 572 4006 virere.
872 3941 879 3961 '

162 4045 213 4102 14.
244 4049 254 4078 ⁴
280 4040 392 4122 Neque
417 4042 632 4123 rempublicam
658 4042 886 4124 praetexueritis.
929 4038 1005 4102 Non
1031 4041 1079 4102 its

117 4135 246 4198 oderunt
258 4139 468 4222 negliguntqne
482 4137 615 4200 Romam
628 4137 694 4212 Dii,
713 4147 818 4200 utnon
831 4139 943 4199 babeat
954 4137 1076 4211 multos,

119 4233 230 4313 quibus
240 4234 346 4297 eadem
359 4237 398 4297 sit
411 4237 517 4319 peritia
529 4236 572 4296 rei
584 4235 732 4307 militaris,
750 4235 889 4315 idemque
902 4235 933 4295 iu
947 4235 1077 4317 patriam

119 4348 214 4392 amor.
256 4332 394 4400 Quorum
407 4353 463 4413 ego
476 4333 644 4394 nominibus
656 4333 801 4405 abstineo,
819 4341 852 4393 et
867 4333 940 4413 quia
950 4351 1006 4392 vos
1015 4351 1075 4392 non

119 4437 244 4508 pessum
266 4429 384 4503 fallere,
407 4441 438 4492 et
455 4431 527 4512 quia
543 4431 615 4494 nolo
632 4429 715 4492 dieta
732 4430 859 4491 mensio
879 4429 988 4511 accipi,
1007 4437 1076 4490 tan-
