3300 5225
367 518 454 587 4848
665 566 667 572 .
849 532 885 580 τ.
908 530 1004 581 mvn

387 688 496 756 Appi-n,
529 678 697 759 stiputnque
719 674 799 736 scies
819 694 840 735 s
857 673 961 753 psucis
981 673 1102 752 impune
1118 668 1252 730 conditur.
1294 668 1428 730 Multum
1440 671 1487 730 ibi

530 772 680 853 sanguinis
699 770 796 831 lusum
815 777 872 841 est,
884 769 958 849 quie
977 766 1121 829 Lucullus
1137 766 1260 847 spolisri
1272 786 1409 847 corporo,
1428 768 1488 825 uisi

531 878 600 951 post
623 876 856 929 comununetsm
881 866 1049 939 victorium,
1074 884 1178 925 severo
1205 863 1371 945 proposito·
1385 862 1489 923 edicto

531 974 677 1027 vetuerat.
720 965 818 1045 Igitur
835 984 888 1045 per
900 962 1070 1043 quindecim
1082 961 1178 1022 millis
1190 980 1339 1041 postium,
1352 958 1491 1021 ermillss

533 1072 711 1144 torquesque
738 1082 843 1123 eureos
865 1058 1012 1121 eomodo
1037 1058 1162 1119 imccuti
1187 1058 1301 1117 hostem
1323 1064 1409 1117 sumt:
1430 1057 1491 1115 sub

534 1169 651 1223 noctem
664 1160 783 1221 denium
806 1159 925 1229 reversi,
950 1153 1078 1217 Lucullo
1092 1157 1160 1234 jum
1182 1155 1383 1236 permittente,
1403 1154 1491 1232 lege·

402 1272 415 1305 ¹¹
429 1292 435 1307 ·
533 1266 603 1320 runt
614 1256 719 1339 spolia.
749 1255 894 1317 Peditum
906 1254 946 1315 ud
959 1253 1055 1315 millio
1065 1263 1185 1313 centum
1197 1251 1355 1313 interiecto
1365 1251 1492 1311 uadun-

534 1365 592 1427 tnr,
614 1356 728 1435 equites
747 1352 835 1415 rslde
855 1352 944 1433 puuci
960 1350 1117 1429 effugisser
1138 1370 1207 1411 cum
1225 1350 1352 1409 victores
1367 1350 1495 1409 omniuo

534 1452 665 1531 quinque
685 1449 870 1517 cecidissent,
892 1457 1012 1509 centum
1033 1456 1132 1509 went
1156 1446 1322 1507 vulneruti:
1345 1453 1387 1506 'ut
1411 1447 1498 1526 ipsus

534 1546 745 1629 propemodum
763 1545 889 1627 puderet
900 1545 1032 1605 victorie
1043 1564 1117 1615 suae,
1131 1544 1183 1624 qui
1199 1563 1269 1604 cum
1281 1542 1394 1603 ulium
1404 1563 1494 1602 mnn-

532 1646 632 1727 cipiis,
646 1644 731 1725 qussi
745 1663 812 1703 cum
826 1643 907 1714 viris,
921 1642 1007 1722 signo
1017 1641 1219 1703 conuulissent.
1257 1639 1336 1699 'l'um
1352 1639 1413 1702 levi
1427 1660 1496 1700 mc·‘

534 1752 634 1805 mento
654 1741 787 1821 dejectus
807 1740 1058 1820 conculcetusque
1083 1738 1277 1821 potentissimi
1299 1738 1388 1817 regis,
1409 1741 1496 1818 ejus·

534 1839 662 1921 demque
682 1839 893 1921 superbissimi,
907 1837 1002 1898 lsstm
1017 1835 1085 1898 fuit.

372 1934 441 1983 ΟΜ
449 1950 486 1983 vr.
496 1940 522 1986 ὅ·
576 1946 628 1999 48.
653 1938 754 2017 Atque
774 1938 837 2017 ipse
854 1937 932 1997 inter
947 1936 1057 2017 primos
1068 1934 1194 2013 lugiens,
1207 1935 1260 1993 rix
1271 1941 1390 1993 centum
1401 1931 1497 2011 quin-

249 2036 253 2043 .
374 2001 498 2049 Memnon.

298 2114 305 2125 ι
371 2064 438 2113 pm,
536 2037 681 2117 qusgintn
698 2035 851 2115 equitibus
864 2035 1034 2104 comitetur,
1047 2051 1117 2092 cum
1129 2030 1226 2091 lilium
1238 2032 1270 2090 in
1282 2029 1387 2091 endem
1399 2029 1500 2089 fortn-

538 2152 577 2193 ns
588 2132 783 2215 conspiceret,
796 2130 936 2192 diademo
947 2131 1040 2211 ospiti
1058 2130 1224 2189 detructum
1243 2127 1374 2209 porrexit
1392 2126 1498 2208 lucry-

537 2250 633 2300 msus,
648 2230 797 2310 jussitque
820 2228 884 2289 sliu
902 2248 965 2310 qus
984 2228 1135 2289 videretur
1146 2227 1198 2288 vis
1208 2226 1336 2287 sulutem
1348 2244 1500 2306 quaerere.

539 2326 740 2398 Adolescens,
759 2328 910 2407 imponere
929 2326 987 2387 sibi
1003 2326 1110 2387 timm
1124 2346 1185 2387 non
1205 2345 1305 2394 suns,
1317 2322 1500 2385 sennodum

376 2428 494 2494 xiphilin.
539 2424 590 2483 uni
600 2444 640 2483 ex
650 2422 799 2483 fidissimis
811 2422 906 2484 dedit.
932 2422 1050 2504 Atque,
1060 2443 1098 2483 eo
1108 2426 1211 2504 cepto,
1224 2420 1364 2482 ‹lisdems
1375 2440 1501 2501 quoqne

539 2538 608 2581 cum
626 2518 863 2600 dependentibus
875 2520 957 2579 vittis
971 2519 1105 2601 pervenit
1122 2518 1152 2578 in
1168 2526 1343 2600 potestntem
1361 2517 1501 2578 victoris.

397 2608 463 2660 PM*
580 2623 631 2678 49.
653 2617 828 2696 Pugnatum
848 2625 894 2676 est
915 2616 1011 2698 pridie
1025 2616 1143 2677 Nonus
1164 2615 1326 2686 Octobres,
1357 2615 1501 2696 quemvis

375 2673 519 2790 Armis
539 2711 595 2774 ills
606 2711 681 2786 dies,
694 2715 734 2774 ob
747 2712 866 2774 oludem
879 2711 1032 2794 Caepionis
1044 2712 1238 2784 Cimbricum,
1257 2713 1331 2774 inter
1348 2721 1430 2772 utrm
1443 2711 1501 2770 lm·

377 2805 472 2855 Ml·
539 2810 666 2872 teretur.
709 2809 771 2871 Sed
785 2810 929 2871 Lucullus
940 2809 972 2870 id
984 2811 1181 2872 commonenti
1192 2811 1335 2893 cuipiam,
1355 2819 1416 2869 ‘ex
1431 2817 1503 2868 stro

539 2906 703 2970 fecturum’
726 2908 880 2989 respondit
898 2916 908 2944 ⁶
920 2907 1079 2968 candidum
1088 2908 1115 2978 3'
1136 2907 1225 2989 idque
1237 2927 1305 2969 cum
1317 2907 1432 2986 ingenti
1444 2927 1504 2966 m

540 3003 634 3084 glorie
651 3005 799 3086 prestitit.
840 3003 876 3064 N
877 2987 1009 3085 unquum
1030 3013 1116 3065 tento
1129 3003 1283 3065 interiores
1293 3024 1414 3064 nomem
1429 3003 1502 3066 Rc-

540 3103 621 3162 muni
642 3109 856 3182 pugnaverunt.
898 3099 969 3160 Nec
990 3101 1069 3161 enim
1089 3101 1261 3162 vicesimum
1280 3101 1410 3162 bostium
1428 3121 1502 3182 per-

541 3207 601 3258 tem
626 3197 746 3259 Luculli
768 3198 915 3258 exercitus
936 3195 1128 3277 udaequubut
1179 3197 1241 3258 Sed
1272 3197 1352 3279 opud
1386 3199 1503 3277 peritos

541 3295 612 3355 belli
626 3296 684 3358 hcc
696 3295 803 3356 summi
820 3293 906 3354 ducis
921 3302 1126 3372 ergumentum
1135 3293 1403 3374 bubebutnr,quod
1420 3293 1503 3355 dns·

541 3391 597 3451 bus
618 3391 822 3453 diversioeimis
843 3392 968 3462 entibus,
990 3392 1198 3454 celeberrimos
1216 3390 1292 3451 duos
1313 3393 1413 3452 aetstis
1434 3395 1506 3473 eju

542 3507 637 3567 reges,
662 3488 870 3551 Mithridatem
891 3487 1027 3568 fregisset
1048 3509 1142 3561 mors,
1162 3487 1323 3569 Tigranem
1343 3488 1505 3550 celeritate

542 3585 720 3648 obtrivisset.

585 3691 635 3746 60.
656 3684 763 3765 Atque
776 3701 822 3744 res
834 3691 897 3744 tun
909 3683 1072 3765 improvise
1082 3683 1174 3743 etium
1187 3681 1394 3742 Mithridatem
1412 3682 1507 3742 fefel-

545 3781 631 3852 lerst,
652 3783 716 3860 qui,
738 3779 898 3840 Lucullum
917 3780 1014 3863 priore
1032 3779 1106 3842 belli
1119 3779 1240 3859 gerendi
1252 3782 1367 3840 ustione
1379 3799 1507 3840 mrum

546 3889 638 3950 retus,
653 3899 711 3938 non
723 3887 924 3939 meturnverut
937 3877 976 3938 nd
986 3878 1148 3958 Tigranem
1159 3877 1311 3939 secedere.
1351 3873 1507 3936 Tendenti

546 3977 585 4037 sd
611 3975 696 4036 illum
723 3985 915 4036 occurrerunt
936 3977 967 4036 in
992 3976 1096 4038 itinere
1121 3976 1211 4058 pauci
1230 3976 1367 4057 primum,
1392 3972 1509 4033 deinde

546 4076 646 4156 plures
668 4073 858 4154 prologorum
876 4093 916 4134 ex
939 4073 1054 4155 proelio.
1098 4072 1200 4144 Unde,
1222 4073 1345 4153 cognito
1362 4070 1510 4150 Tigranis

546 4193 628 4242 cusu,
642 4171 794 4250 requisivit
811 4191 880 4233 eum
898 4170 1077 4250 diligenter:
1099 4191 1195 4251 neque
1207 4169 1510 4232 reddiditcontume-

548 4268 613 4339 lius,
626 4267 690 4338 scd,
703 4287 742 4327 ex
765 4288 844 4348 equo
865 4267 1013 4340 desiliens,
1032 4277 1144 4330 vestem
1162 4269 1192 4328 ei
1210 4269 1335 4347 regium,
1352 4267 1437 4328 houd
1459 4269 1509 4328 in-

547 4365 683 4426 teriorem
695 4384 786 4445 quum
798 4375 912 4446 gestem
928 4374 994 4426 erut
1013 4366 1129 4437 solitus,
1142 4364 1246 4447 suique
1260 4366 1422 4426 conium
1434 4385 1510 4446 pur·
