3300 5225
245 531 250 540 ·
310 629 312 632 ·
373 581 485 678 ‘4452
686 545 688 550 A
833 574 836 580 ’
881 605 1045 695 ἱι.ιινιι

561 757 617 818 bus
630 753 833 826 Camerinum,
847 753 938 814 hodie
955 771 1074 834 quoque
1094 747 1210 830 antiqui
1227 746 1359 810 nominis
1374 747 1516 821 retinens,

445 845 449 854 ’
557 857 664 934 jacet:-
692 851 864 912 Ariminum
878 851 909 910 hi
926 850 1079 920 tenebant,
1097 846 1314 927 Asuuiumque,
1332 844 1412 905 unde
1432 846 1517 905 ιιιιιι·

414 1059 549 1110 mn.
563 948 927 1115 ll‘lllllllf
940 940 1516 1125 {ffbllzlss‘lllnlffi

398 1125 459 1176 ΑΜ·
469 1141 501 1174 ¹¹·
509 1129 551 1177 ¹²·
563 1163 679 1204 amnem
692 1141 825 1222 ejusdem
840 1140 975 1210 nominis,
989 1139 1042 1221 qui
1064 1138 1180 1198 medius
1196 1138 1273 1198 inter
1286 1135 1430 1197 Vestinos
1442 1137 1517 1196 assi-

562 1251 666 1322 tosqne
682 1239 885 1300 ¹Marrucinos·
897 1246 929 1298 et
949 1237 1095 1316 Pelignos
1117 1235 1239 1304 labitur.
1275 1233 1517 1294 Marrucinorum

560 1336 654 1398 Teate
672 1337 741 1408 suit,
759 1345 853 1418 eaput
873 1335 985 1415 gentis:
1007 1342 1093 1394 erant
1109 1343 1141 1392 et
1161 1332 1222 1393 alia
1239 1331 1361 1415 oppida,
1381 1330 1435 1400 sed
1454 1331 1516 1390 fre-

415 1539 474 1604 ,p
561 1427 1517 1606 ιιῑιιιιιιιιιιιιίῑιιιιῖιιιει

399 1619 467 1654 ²¹¹¹
468 1601 531 1654 ⁰⁰⁴⁵
561 1629 725 1689 eommunis
736 1629 868 1689 omnium
885 1627 1011 1689 civitas:
1032 1627 1163 1705 itemque
1177 1621 1311 1685 Nasonis
1322 1623 1435 1702 origine
1449 1622 1516 1683 ela·

562 1746 613 1787 rus
622 1725 738 1790 Sulmo

399 1853 532 1970 *blm
562 1816 1516 1996 „ii1,llll'iil'lllllillllllffll

397 1983 512 2100 ἕξιν·
504 1997 544 2049 ⁹⁸
561 2016 641 2088 dem,
668 2025 702 2076 ut
723 2035 855 2096 eousque
873 2034 970 2094 neque
991 2011 1030 2072 de
1053 2011 1163 2072 Marsis
1185 2010 1308 2082 Romae,
1329 2031 1426 2091 neque
1449 2012 1516 2072 siae

399 2113 522 2230 cAvppm'
563 2112 674 2173 Marsis
694 2111 1094 2194 triumphatnmesseopinio
1109 2091 1246 2169 tebuerit.
1287 2108 1516 2190 Prooipuaur·

420 2243 444 2254 ··
477 2276 485 2292 ‚
561 2210 643 2270 bium
659 2208 846 2292 Marruvium
858 2208 934 2268 fuit.
948 2206 1057 2267 deinde
1070 2206 1203 2266 Albaad
1216 2205 1375 2277 Fucinum,
1384 2207 1516 2268 eolonia.

563 2305 650 2368 Hinc
663 2285 829 2415 AEquorum
840 2313 955 2365 veteres
973 2302 1059 2373 fines,
1081 2302 1134 2363 sed
1151 2311 1216 2362 tum
1238 2301 1326 2362 Latio
1342 2304 1515 2376 contributi,

563 2401 711 2463 Carseolis
723 2403 852 2462 maxime
868 2399 1079 2480 gloriabantur.
1123 2396 1185 2458 Sed
1197 2417 1217 2458 a
1228 2397 1366 2477 Pelignis
1374 2409 1407 2459 et
1418 2399 1517 2480 Sagro

496 2557 498 2562 Α
561 2495 682 2560 flumine
696 2499 850 2559 Samnium
863 2497 951 2576 longo
963 2504 1061 2556 tractu
1076 2496 1245 2576 porrigitur,
1256 2495 1380 2575 antiquo
1392 2495 1475 2558 fama
1484 2507 1518 2559 et

561 2595 698 2657 maximis
718 2595 842 2657 urbibus
869 2592 994 2665 olerum,
1026 2593 1174 2664 AEsemia,
1203 2591 1353 2665 Boviano,
1372 2601 1414 2667 et,
1432 2595 1515 2676 quod

561 2710 639 2752 nnnc
652 2714 771 2774 quoqne
780 2693 872 2755 veteri
883 2689 1030 2755 vocabulo
1042 2690 1183 2759 noscitur,
1197 2688 1379 2751 Benevento.

509 2828 518 2848 .
573 2828 575 2833 -
601 2794 651 2850 38.
674 2788 850 2871 Campaniae
859 2789 949 2849 etiam
963 2808 1031 2869 pars
1043 2796 1177 2871 montosa
1190 2785 1374 2848 Samnitibus
1384 2808 1514 2851 eonnec-

423 2878 442 2910 ¹'
473 2894 480 2911 ·
561 2886 650 2947 titur:
672 2888 784 2969 inqua
803 2897 871 2969 post
886 2885 1036 2967 Capuam,
1054 2883 1171 2955 come,
1195 2883 1331 2954 Puteoli,
1352 2884 1516 2968 Neapolis,

563 2980 709 3054 Nuceria,
723 2994 786 3045 tum
804 2979 923 3064 quoque
943 2981 1043 3042 adhue
1063 2980 1205 3063 Pompeii
1220 2991 1317 3054 orant,
1331 2983 1525 3046 nobilissima-

560 3078 682 3160 oppida.
722 3079 857 3142 Teanum
875 3087 1020 3162 praterea
1039 3087 1070 3139 et
1088 3079 1229 3139 Larinum
1251 3080 1393 3141 Frentani
1407 3081 1514 3162 populi

558 3175 687 3238 fuerunt.
731 3176 778 3237 At
794 3186 864 3258 post
884 3177 1092 3238 Beneventum
1104 3176 1260 3238 coluerunt
1273 3178 1417 3260 Hirpini:
1438 3199 1515 3259 quo-

558 3276 718 3334 rumnrbes
728 3272 1293 3355 Aquilonia,Abellinum,AEculannm
1303 3284 1514 3339 memorantur.

560 3370 692 3433 Lucania
701 3370 807 3432 deinde
820 3371 962 3451 sequitur,
977 3390 1086 3450 magna
1097 3371 1198 3450 regio:
1220 3372 1434 3445 nrbes,.Velia,
1450 3372 1515 3435 Co·

558 3469 627 3548 piae,
641 3468 818 3529 Thuriorum
830 3468 919 3549 prins,
931 3476 962 3528 et
972 3478 1040 3528 aute
1052 3466 1181 3529 'l'burios
1193 3468 1318 3550 Sybaris
1329 3472 1446 3531 nomine
1459 3492 1515 3533 no-

558 3564 689 3638 biliores,
704 3565 913 3637 Grumentum,
934 3565 1091 3626 Potentia.
1134 3565 1219 3627 Hinc
1231 3566 1340 3627 deinde
1353 3590 1406 3649 per
1420 3568 1516 3630 Brut-

440 3716 447 3723 .
558 3665 615 3724 tios
641 3671 672 3725 et
694 3674 861 3725 extremum
887 3662 987 3723 Italiae
1013 3662 1154 3742 angulum
1180 3664 1359 3745 Apenninus
1376 3666 1514 3727 Siciliam

558 3782 658 3823 versus
670 3762 813 3823 sinuatur.
855 3758 1108 3842 Tempsa'borum
1127 3769 1203 3833 orat,
1218 3760 1302 3823 Vibo
1311 3761 1467 3834 Valentia,
1483 3774 1517 3826 et

557 3861 756 3923 celeberrimas
769 3861 900 3921 omnium
914 3859 1111 3940 Rhegiumet
1124 3860 1222 3921 Locri.

599 3964 649 4021 39.
670 3956 774 4029 Tertia
790 3978 859 4040 pars
879 3957 992 4028 Italiae,
1007 3977 1075 4037 qum
1093 3966 1192 4018 monte
1208 3957 1371 4039 Apennino
1386 3966 1418 4019 et
1438 3962 1515 4021 mari

559 4055 661 4139 lniero
671 4054 834 4127 clauditur,
846 4054 1070 4136 primoquidem
1081 4055 1232 4133 Ligurum,
1247 4054 1356 4115 deinde
1370 4056 1514 4119 Etruseo-

558 4172 622 4213 rum
635 4153 762 4235 populos
779 4153 921 4223 continet,
941 4161 1067 4232 utraque
1080 4162 1168 4230 gente
1181 4171 1200 4212 a
1212 4152 1362 4212 montibus
1374 4152 1414 4213 ad
1426 4154 1516 4216 littus

558 4260 704 4337 porteris,
715 4270 858 4330 suumque
869 4270 975 4331 nomen
984 4249 1074 4309 dante
1084 4269 1175 4329 quam
1185 4248 1294 4310 accolit
1304 4251 1381 4329 parti
1391 4252 1492 4315 maris.

599 4356 649 4411 4⁰.
670 4347 748 4409 Post
767 4347 917 4410 Etruriam
930 4347 1048 4406 Latium
1067 4356 1114 4406 est
1125 4346 1228 4408 Tiberi
1246 4344 1366 4407 flumine
1379 4348 1516 4427 disjunc-

558 4454 632 4520 tum,
646 4445 696 4506 ubi
709 4452 801 4527 capnt
813 4464 872 4507 non
886 4444 986 4507 Italia
1000 4444 1101 4515 modo,
1114 4444 1168 4506 sed
1182 4465 1275 4528 prope
1296 4446 1378 4507 orbis
1393 4446 1516 4510 unirer-
