3300 5225
885 545 921 596 n.
945 543 1040 596 lerll

603 697 656 754 el.
675 689 753 752 Tum
764 711 836 752 vero
848 692 954 752 iterum
967 690 1076 752 invecti
1088 698 1157 750 sunt
1172 689 1300 750 hostium
1317 689 1444 774 equites,
1456 707 1516 748 non

563 787 767 870 incomposito,
787 798 823 849 nt
848 798 948 860 anton,
976 789 1111 870 impetu,
1125 786 1178 848 sed
1204 788 1329 848 servetis
1353 786 1517 848 ordinibus.

564 885 628 946 His
648 885 821 947 Romanum
841 887 1005 967 equitntum
1026 885 1114 967 Syllo
1131 886 1279 967 opposuit,
1303 885 1366 966 ipse
1388 904 1518 970 presens

398 989 518 1040 rmncrr.
527 993 553 1041 t.
563 983 706 1056 hortator,
718 992 751 1044 et
761 992 826 1044 tote
839 985 914 1055 acie,
928 984 979 1043 ubi
992 983 1122 1044 menime
1134 1001 1210 1064 opus
1225 989 1300 1052 eret,
1319 1001 1350 1042 se
1367 981 1517 1042 offerens:

400 1088 509 1154 Apptrn.
563 1079 669 1151 donec,
683 1082 803 1160 egregie
814 1081 921 1140 iterum
935 1079 1060 1142 victorie
1071 1081 1193 1160 potitus,
1212 1079 1252 1139 ud
1265 1078 1435 1160 quindecim
1448 1078 1517 1138 hos-

400 1155 471 1205 ⁰‘⁰⁸·
561 1178 637 1238 tium
650 1176 756 1247 millio,
770 1179 913 1257 mojorem
931 1187 1046 1259 partem
1063 1175 1188 1257 equites,
1202 1185 1235 1236 et
1247 1175 1276 1234 in
1290 1176 1336 1236 his
1349 1173 1518 1253 Diogenem

400 1286 467 1338 Plut.
562 1273 708 1334 Archelai
721 1275 886 1354 privignum
897 1273 1014 1334 cecidit.
1049 1272 1176 1334 Pedites
1188 1270 1319 1333 cumdio
1331 1271 1517 1341 restitissent,

560 1379 648 1430 tento
668 1371 886 1450 sagittariorum
904 1371 1083 1451 pervicacis,
1103 1377 1145 1442 ut,
1160 1371 1300 1450 quoniam
1316 1367 1517 1449 prementibus

564 1465 712 1528 Romanis
731 1468 859 1549 spatium
879 1467 982 1530 utendi
1005 1469 1131 1529 arcubus
1154 1486 1212 1527 non
1233 1466 1396 1538 habebant,
1417 1463 1518 1524 densis

562 1565 850 1646 sophie-tanquam
868 1563 986 1644 glndiis,
1007 1564 1140 1625 cominus
1157 1563 1282 1624 ferirent
1292 1563 1418 1634 hostem,
1438 1561 1517 1622 intro

527 1711 531 1716 ,
562 1659 677 1721 rollum
689 1660 836 1742 compulsi
848 1670 926 1722 sunt.

603 1763 654 1818 82.
676 1757 723 1818 At
736 1758 772 1820 L.
787 1758 886 1840 Sylla,
900 1780 937 1820 ue
957 1755 1064 1819 iterum
1078 1756 1255 1819 Chalcidem
1274 1758 1440 1818 elaberetur
1453 1755 1515 1816 Ar-

563 1853 696 1927 chelaus,
710 1875 771 1937 qno
784 1857 923 1937 prosequi
942 1875 1011 1915 eum
1032 1855 1134 1936 inopie
1152 1856 1272 1917 nerium
1293 1855 1439 1934 nequiret,
1453 1861 1517 1912 toto

563 1969 670 2032 campo
689 1951 830 2011 strutiones
847 1937 1005 2012 nocturnes
1015 1950 1169 2032 disposuit.
1213 1949 1342 2021 Deinde,
1361 1951 1428 2010 lnce
1449 1949 1518 2010 red·

563 2046 703 2118 dite,ri1
713 2047 753 2108 od
766 2057 885 2109 centum
898 2069 916 2108 n
928 2049 1032 2109 cestris
1045 2049 1172 2108 hostiurn
1185 2068 1286 2129 pessus
1298 2047 1407 2108 ionem
1419 2045 1516 2106 lodit:

432 2165 446 2198 n
564 2153 596 2204 et
608 2165 747 2222 mngnnm
763 2165 975 2224 manumque
988 2143 1027 2204 ed
1041 2143 1253 2224 prohibendum
1271 2165 1346 2226 opus
1364 2163 1516 2224 procurre-

563 2249 622 2311 ret,
635 2242 679 2300 ite
691 2244 806 2320 rejecit,
818 2251 854 2302 ut
866 2243 988 2323 reliquis
1006 2241 1089 2302 nullo
1100 2241 1240 2324 deinceps
1252 2241 1290 2302 nd
1303 2239 1516 2322 erumpendum

563 2337 692 2398 eudocia
702 2349 878 2420 superesset.

604 2441 655 2495 38.
677 2435 859 2497 Cohortntus
881 2437 969 2515 igitur
989 2437 1154 2499 exercitum
1175 2436 1274 2517 Syllo,
1296 2435 1516 2497 ‘utndrersum

562 2531 695 2614 trepidos
714 2542 746 2593 et
765 2533 902 2593 imbelles
923 2534 1010 2594 ermis
1028 2536 1228 2618 potiusquam
1247 2533 1386 2616 operibus
1403 2552 1517 2614 pugna-

562 2638 638 2701 rent,
652 2639 683 2690 et
702 2631 853 2692 convulsis
872 2632 901 2691 in
920 2652 995 2712 ques
1015 2653 1046 2693 se
1066 2632 1269 2693 condidissent
1290 2632 1421 2702 latebris,
1443 2630 1517 2691 belli

561 2726 703 2807 reliquias
714 2746 774 2787 uno
786 2728 899 2810 impetu
912 2728 1100 2809 profligarent
1108 2732 1128 2801 ;'
1150 2730 1280 2811 protinus
1293 2728 1332 2789 ed
1341 2749 1518 2810 oppugnen-

502 2900 505 2905 .
561 2822 634 2883 dum
646 2824 792 2885 Archelai
806 2826 923 2887 'vellum
944 2828 1042 2888 duxit.
1084 2826 1195 2907 Neque
1217 2828 1290 2906 regii
1311 2826 1445 2908 preelecti
1465 2826 1518 2887 sti-

561 2919 676 2982 mulare
693 2938 762 2982 suos
773 2924 970 2984 omittebant:
992 2923 1080 2985 modo
1097 2924 1251 2985 dedecoris
1269 2912 1516 3002 mugnitudinem,

561 3020 587 3078 si
599 3019 699 3099 plures
711 3039 730 3080 e
743 3021 934 3101 paucioribus
946 3042 983 3083 ne
997 3024 1027 3082 in
1041 3024 1227 3085 munimentis
1238 3021 1359 3104 quidem
1371 3042 1403 3083 se
1413 3022 1517 3083 defen-

562 3116 685 3186 derent;
707 3118 797 3179 modo
810 3118 925 3182 nullom
938 3120 994 3180 nisi
1007 3120 1038 3179 in
1052 3122 1140 3180 ermis
1151 3140 1234 3201 spem
1246 3120 1350 3181 solutis
1360 3119 1517 3181 ostenden-

562 3220 622 3272 tes.
659 3213 774 3292 Magno
786 3214 875 3293 igitur
886 3214 1016 3276 clamore
1029 3225 1061 3276 et
1072 3216 1183 3298 impetu
1204 3237 1252 3277 res
1268 3216 1415 3297 utrimque
1433 3236 1517 3296 gere-

562 3310 667 3370 betor:
688 3318 720 3370 et
744 3310 817 3372 licet
843 3311 986 3385 Romani,
1013 3313 1159 3374 testudine
1184 3314 1277 3386 lectu,
1304 3322 1417 3396 perlem
1444 3314 1518 3375 velli

561 3408 746 3480 subruerunt,
759 3408 853 3469 dense
871 3418 971 3471 tumen
992 3412 1184 3471 barbarorum
1197 3412 1277 3473 ecies
1288 3412 1398 3473 strictis
1410 3410 1519 3492 glediis

562 3504 729 3565 deterrebat
753 3507 924 3587 irrupturos.
967 3504 1083 3569 Donec
1098 3508 1219 3569 Besilus
1237 3510 1372 3569 tribunus
1395 3510 1519 3589 legionis

563 3602 674 3681 primus
685 3602 815 3661 omnium
828 3604 1022 3677 transcendit,
1035 3614 1076 3677 et,
1090 3605 1173 3666 hoste
1186 3624 1276 3679 creso,
1286 3606 1458 3687 exemplum
1471 3626 1518 3667 re·

539 3762 552 3789 ’
564 3697 653 3778 liquis
665 3699 804 3779 memque
818 3700 859 3760 nd
873 3702 1092 3783 irrumpendum
1105 3704 1199 3765 dedit.
1505 3756 1507 3759 .

603 3800 654 3855 ³4.
676 3793 729 3856 Sic
741 3806 915 3877 expugnato
926 3807 994 3859 sunt
1007 3798 1152 3860 Archelai
1167 3800 1206 3861 nd
1220 3800 1440 3861 Orchomenum
1452 3820 1517 3862 ces-

429 3930 447 3963 „
563 3902 628 3953 tre:
648 3902 735 3972 tqnto
758 3894 865 3955 iterum
889 3895 983 3968 crede,
1011 3906 1044 3958 ut
1068 3898 1209 3976 sanguiue
1234 3898 1360 3978 paludes
1386 3898 1517 3971 infecte,

461 4047 469 4063 ,
563 3998 758 4071 stagnumque
770 3990 801 4049 in
813 3993 949 4071 proximo
960 3993 1156 4055 cadaveribus
1168 3995 1332 4076 oppletum,
1345 3994 1518 4058 referentur.

460 4108 465 4119 ·
500 4142 507 4158 ,
565 4086 683 4167 Viginti
695 4086 966 4179 milliuhominum,
979 4092 1007 4151 in
1023 4091 1404 4173 peludescompulso,cum
1416 4114 1520 4174 preces

563 4186 725 4245 victoribus
744 4204 803 4245 non
828 4186 994 4248 intellectos
1014 4188 1183 4260 tunderent,
1208 4190 1399 4251 inexorabilis
1421 4189 1518 4272 Syllre

562 4282 723 4342 crudelitas
734 4282 858 4343 delerit.
899 4284 1038 4345 Totidem
1059 4287 1120 4347 elie
1140 4288 1169 4347 in
1191 4286 1310 4347 flumine
1329 4289 1450 4369 periisse
1470 4288 1518 4349 di-

399 4386 471 4435 οιω.
562 4390 690 4449 contum
712 4387 819 4462 preter
838 4400 900 4454 ecs,
921 4384 972 4462 qui
994 4384 1023 4444 in
1043 4386 1147 4446 cestris
1167 4394 1198 4447 et
1218 4386 1298 4447 circe
1318 4388 1425 4467 passim
1449 4398 1518 4451 suut
