3300 5225
376 524 467 593 lfflss
850 542 886 593 τ.
910 540 1007 590 urvrr

375 684 528 735 Dicdum.
540 684 647 745 referre
668 704 830 767 possemus,
849 704 919 746 cum
936 684 1036 745 adhuc
1056 683 1217 764 glandibus
1238 683 1334 745 miseri
1355 683 1492 745 mortales

393 750 529 865 2¹22:OE
540 790 736 843 vescerentur.
779 783 863 851 Quin
874 793 906 844 et
919 792 1025 864 preter
1037 783 1136 844 oleam
1149 782 1330 843 suadssimae
1340 802 1491 862 pomorum

377 878 444 929 Hit&
453 880 511 929 Ver·
540 878 591 941 lici
608 880 675 941 hrec
693 889 771 940 terra
783 890 830 941 est
845 880 994 959 genitrix:
1015 880 1108 941 ethic
1120 880 1259 961 primurn,
1271 880 1419 959 expressis
1431 878 1491 937 Eu·

378 950 457 1018 ¹¹¹'·⁵'
540 976 633 1058 molpi
647 978 764 1055 ingenio
775 978 852 1049 uvis,
867 978 940 1038 vina
951 976 1111 1038 fluxerunt.

582 1079 632 1133 ³2.
655 1073 757 1141 ‘Qum
764 1076 832 1153 jam
851 1074 913 1134 alis
930 1076 960 1135 in
978 1076 1146 1135 universum
1163 1094 1256 1154 genus
1267 1074 1428 1133 humanum
1439 1094 1492 1133 ex·
1609 1047 1610 1096 l

433 1200 441 1223 η·
462 1237 468 1251 ,
541 1178 606 1231 tent
624 1172 703 1232 urbis
721 1173 809 1251 hujus
821 1173 939 1242 merita,
951 1173 976 1233 si
989 1192 1141 1233 recensere
1155 1172 1309 1243 vellemus,
1324 1172 1391 1241 dies
1399 1172 1494 1251 potius

541 1279 574 1330 et
584 1289 655 1341 ron,
667 1288 757 1349 quam
771 1280 976 1350 argumentum
989 1268 1201 1332 uosdeficeret.
1233 1269 1280 1328 Ut
1292 1288 1389 1350 panca
1399 1269 1494 1329 obiter

543 1366 717 1439 indicemus,
740 1366 865 1428 lanificii
886 1388 970 1427 usum
992 1369 1081 1429 nudis
1102 1376 1156 1427 aut
1177 1366 1256 1427 mele
1279 1366 1394 1427 vestitu
1413 1386 1493 1427 moa·
1609 1413 1610 1468 p

413 1464 446 1511 '·
542 1466 719 1524 stravimus:
741 1474 854 1526 etcum
868 1466 898 1525 in
912 1466 1059 1546 specubus
1077 1466 1193 1545 antiqui
1205 1465 1384 1533 habitarent,
1398 1462 1493 1542 Eury·
1609 1473 1610 1478 ’

543 1560 608 1621 alus
637 1572 670 1622 ct
701 1562 880 1643 Hyperbius
903 1564 985 1623 cirea
1010 1564 1114 1633 nostri,
1136 1562 1283 1622 leteritias
1306 1558 1494 1621 exaedificare

542 1659 647 1723 domos
659 1659 833 1721 docueruut.
874 1660 1064 1721 Judiciorum
1081 1661 1173 1721 etiarn
1191 1658 1326 1720 ordinem
1346 1658 1494 1719 hominum

411 1742 464 1840 ils
543 1758 628 1837 primi
641 1758 830 1829 tradidimus,
853 1760 893 1819 sb
913 1760 985 1840 ipsis
1005 1758 1075 1819 Diis
1095 1766 1262 1839 acceptum,
1282 1778 1344 1837 quo
1364 1767 1494 1835 ternpore
1609 1803 1610 1812 ,

401 1873 415 1905 ⁸
477 1872 515 1907 ·¹·
543 1874 650 1915 nomen
677 1854 841 1935 Areopago
868 1855 953 1915 Mars
975 1855 1074 1927 dedit,
1095 1857 1149 1937 qui
1178 1858 1289 1937 primus
1317 1855 1359 1915 ibi
1390 1855 1495 1935 cupitis
1609 1885 1610 1948 ξ

542 1952 767 2023 dixitcaussrn,
781 1954 820 2015 ob
835 1952 1018 2014 Halirrothii
1029 1952 1153 2014 casdem.
1609 1993 1610 2028 r

583 2055 633 2109 8³.
655 2048 738 2111 ‘Sed
761 2060 793 2111 et
814 2052 968 2111 civitatem
985 2060 1057 2110 aute
1074 2050 1152 2111 alies
1162 2050 1275 2131 optime
1290 2050 1495 2125 constituimus
1609 2071 1610 2074 ¹

544 2146 680 2226 populari
693 2156 783 2218 statu,
793 2167 862 2207 curn
874 2149 941 2225 ejus
953 2148 1067 2207 nullum
1079 2147 1179 2208 adhuc
1187 2146 1358 2227 exemplum
1369 2155 1493 2205 extaret
1609 2147 1610 2208 3

544 2239 607 2301 Sed
619 2252 651 2303 et
662 2244 837 2314 certamine,
850 2246 959 2323 quibua
975 2264 1101 2326 corpora
1113 2253 1319 2314 exercentur,
1339 2242 1494 2303 commenti

542 2358 653 2411 sumus,
667 2341 881 2421 gymnicosque
899 2342 1079 2401 instituimus
1091 2361 1214 2421 agonas,
1227 2339 1417 2419 ungendique
1435 2348 1492 2397 tra-

442 2449 464 2481 0·
542 2433 672 2497 didimus
695 2458 826 2498 morem:
857 2447 900 2508 et,
923 2460 984 2518 quo
1007 2437 1243 2518 magnificentius
1268 2436 1495 2498 Panathenaics

396 2530 465 2594 virg.
541 2530 772 2605 celebrarentur,
799 2536 911 2616 primus
943 2536 1096 2596 hominum
1126 2534 1287 2617 quadrigas
1315 2554 1369 2594 rex
1400 2541 1496 2592 noster

379 2594 522 2773 ffiffl'
543 2629 755 2740 Idrichthonius
763 2635 887 2712 junxit:
908 2632 999 2704 idern,
1012 2634 1146 2714 inquam,
1160 2632 1385 2702 Erichthonius,
1401 2631 1497 2713 quiet

423 2743 473 2780 ran.
1037 2773 1046 2790 ,
1183 2733 1189 2744 “
1481 2765 1493 2775 -

379 2791 477 2904 gp,
540 2727 1055 2906 ἶὶἶῗξίῗᾱῖἳέἲέῗῖὶζιζζίΐὲ,
1076 2729 1159 2906 ,lt
1171 2729 1497 2887 tssrtffltlt

382 2920 498 3051 Jgffim
542 2920 663 2982 debeat.
706 2921 822 2982 Literas
840 2931 920 2982 certe
941 2932 973 2982 et
989 2921 1171 2994 facundiam,
1191 2923 1301 3004 quibus
1317 2923 1496 2982 ornamentis

381 3025 726 3194 ³¹·⁶·⁰·”·,tt‘'tt¹l.3‚
741 3017 1496 3196 Ythttltrtt'stttrlw

315 3335 321 3362 r
377 3210 1498 3390 laimuntl.fusstneiffjhhefflzrhuolmlflmthmllsstlbnldgd,

544 3403 621 3464 lonis
641 3405 770 3487 inclytas
789 3407 870 3487 leges
881 3406 1063 3468 describere:
1085 3406 1163 3468 unde
1176 3427 1246 3467 mox
1262 3407 1420 3468 duedecim
1438 3408 1497 3468 illae

380 3513 532 3590 Lipares.
544 3502 655 3562 tabulae
669 3503 850 3584 prodierunt,
863 3525 940 3584 quae
951 3504 1033 3585 apud
1045 3525 1111 3578 vos,
1124 3514 1267 3586 tanquam
1278 3507 1374 3566 omnis
1384 3507 1497 3587 publici

381 3579 503 3694 (ἓξὲξ
545 3599 710 3680 privatique
737 3601 816 3678 juris
838 3601 951 3662 lentem
975 3612 1067 3683 utque
1095 3623 1239 3674 normam,
1271 3603 1388 3682 ingenui
1414 3607 1497 3686 pueri

399 3708 497 3758 cicde
544 3697 620 3756 iuter
641 3699 794 3780 precipua
813 3699 1037 3781 disciplinarum
1057 3699 1230 3760 edocentur.
1275 3699 1353 3761 Tam
1375 3705 1498 3784 antiqua

381 3773 441 3838 ¹⁴⁸·
454 3790 486 3822 ¹¹·
496 3779 521 3826 ⁴·
544 3802 612 3853 suut
624 3803 730 3856 nostre
743 3799 823 3858 urbis
836 3799 866 3857 in
879 3797 1052 3858 Romanam
1063 3795 1179 3858 officia:
1193 3817 1262 3879 quse
1274 3798 1385 3860 deinde
1398 3801 1497 3860 multis

544 3899 709 3972 temporum
722 3895 991 3976 opportunitatibus
1011 3895 1098 3956 toties
1119 3895 1236 3956 reculta
1250 3906 1399 3978 auctaque
1419 3909 1497 3968 suut,

544 3988 674 4050 utnulla
688 3990 818 4053 Graeciae
838 3993 947 4053 civitas
959 3991 1094 4073 pluribus
1113 3993 1323 4075 imperatorum
1337 4005 1497 4057 vestrorum

544 4097 721 4169 senatusque
745 4088 914 4150 honorificis
929 4088 1057 4150 decretis
1080 4089 1201 4169 gloriari
1224 4093 1326 4171 possit.
1366 4091 1498 4154 Nullum

543 4183 623 4242 enim
637 4183 727 4246 ferme
740 4187 769 4245 iu
785 4185 979 4258 Macedonia,
993 4196 1045 4246 aut
1060 4185 1150 4257 Asis,
1169 4196 1224 4247 aut
1242 4186 1364 4249 Graecia
1383 4201 1497 4269 gestum

419 4326 422 4340 .
544 4280 657 4340 bellum
670 4291 725 4353 est,
740 4284 770 4342 irr
784 4304 845 4363 quo
859 4304 917 4344 non
931 4284 1052 4362 insignis
1069 4303 1142 4362 erga
1162 4284 1305 4366 populum
1324 4285 1496 4348 Romanum

544 4380 676 4440 extiterit
690 4381 918 4442 Atheniensium
932 4381 1016 4444 fides.
1057 4380 1155 4460 cujus
1166 4383 1209 4443 rei
1222 4403 1311 4464 quem
1324 4384 1496 4466 ampliorem
