3300 5225
401 541 491 607 ⁴600

836 556 840 563 '
890 554 926 605 Τ.
949 554 1045 605 blvrt

420 698 500 749 Sim·
514 709 555 761 Ψ·
568 697 642 759 tium
663 697 778 771 eastris,
799 718 852 781 per
870 698 1046 782 campanie
1063 705 1177 760 montes
1198 698 1228 759 in
1250 696 1397 780 Hirpinos
1413 697 1519 771 movit,

403 762 551 891 {mn-'⁰:⁸20
568 816 695 878 eumque
715 796 858 878 populum
871 796 1012 859 AEculani
1031 796 1112 857 urbis
1130 794 1301 857 calamitate
1321 794 1520 877 perdomitum

404 892 513 957 *Prin-
566 893 688 973 recepit.
721 892 1026 965 AEcnlanenses,curn
1040 894 1070 954 in
1083 891 1208 955 eandam
1220 891 1520 973 diem,quaRoma-

566 1009 622 1049 nus
642 988 684 1049 ibi
702 998 800 1050 castra
818 991 959 1072 ponebat,
979 989 1164 1052 Lucanorum
1181 988 1297 1051 auxilia
1314 998 1520 1071 expectarent,

567 1094 683 1166 tempus
702 1085 741 1146 ad
761 1084 985 1147 deliberandum
1005 1094 1210 1169 poposcerant.
1256 1084 1345 1168 Sylla
1365 1084 1523 1149 intellecta

569 1181 684 1254 flaude,
705 1182 813 1262 legatis
833 1183 952 1263 longam
975 1184 1138 1244 orationem
1160 1182 1244 1255 orsis,
1265 1182 1338 1243 nihil
1360 1203 1435 1265 opus
1455 1202 1521 1243 esse

567 1280 663 1340 otioso
683 1299 816 1342 sermone
843 1279 923 1362 apud
942 1287 1102 1360 occupatos
1126 1278 1277 1361 praelatus,
1300 1280 1413 1341 ‘unius
1438 1278 1522 1339 hore

567 1376 696 1457 spatium
712 1396 745 1436 se
763 1376 854 1437 dare’
869 1374 959 1437 dixit.

606 1478 657 1532 ab.
679 1469 802 1533 Interea
820 1472 881 1533 suis
902 1471 957 1533 dat
979 1472 1139 1552 negotium,
1161 1480 1196 1533 ut
1218 1490 1355 1551 magnam
1375 1472 1437 1533 vim
1456 1492 1521 1533 sar-

566 1578 731 1629 mentorum
751 1567 906 1647 colligant,
932 1567 1121 1649 fascibusque
1144 1568 1259 1631 effectis
1282 1568 1461 1631 admoveant
1478 1570 1521 1631 ad

566 1684 700 1725 murum:
720 1666 801 1747 quod
820 1666 847 1726 is
862 1666 957 1729 multa
969 1668 1094 1727 materia
1108 1674 1274 1729 eunucus
1291 1665 1396 1729 fumat.
1438 1666 1521 1727 Cum

566 1760 641 1821 inter
662 1763 728 1823 hcc
750 1764 824 1823 bora
850 1764 1049 1845 praeteriisset,
1077 1764 1175 1843 ignem
1200 1764 1354 1845 supposuit
1375 1760 1521 1835 fascibus,

566 1858 739 1938 territosque
751 1860 885 1921 obsessos
896 1860 936 1921 ad
948 1858 1129 1921 deditionem
1143 1858 1253 1939 adegit.
1288 1856 1359 1921 Nec
1371 1880 1408 1921 eo
1422 1860 1522 1921 minus

565 1952 655 2035 diripi
677 1955 821 2037 oppidum
837 1956 937 2036 jussit,
958 1956 1020 2018 sive
1041 1956 1113 2037 quia
1128 1956 1225 2018 dilata
1238 1956 1268 2017 in
1281 1966 1446 2018 exnemam
1463 1976 1520 2017 ne·

564 2052 733 2112 cessitatem
745 2051 859 2115 deditio
871 2052 986 2124 fustan
1007 2053 1069 2115 sire
1082 2060 1204 2135 captum
1219 2053 1419 2135 potiusquam
1432 2050 1522 2113 dedi·

565 2154 629 2206 tum
644 2147 737 2209 videri
752 2149 868 2221 maluit,
887 2158 921 2211 ut
939 2148 1048 2210 milites
1068 2148 1171 2231 preda
1187 2148 1337 2223 delinitos,
1357 2149 1522 2211 benevolos

565 2245 623 2305 sibi
641 2243 836 2327 addictosque
855 2244 994 2307 efficeret.

605 2348 657 2403 ab.
679 2342 771 2411 Quod
784 2344 811 2405 si
829 2342 904 2405 sorte
921 2343 991 2405 ideo
1011 2341 1070 2404 fuit
1088 2341 1118 2403 in
1135 2344 1191 2403 bos
1203 2342 1341 2415 severior,
1354 2352 1389 2405 ut
1404 2350 1520 2405 ceteros

565 2449 646 2500 metu
658 2444 773 2525 parium
791 2442 935 2509 malorum
947 2441 994 2503 ad
1014 2442 1077 2503 alia
1096 2440 1220 2503 consilia
1238 2452 1367 2521 cogeret,
1385 2462 1445 2503 non
1460 2441 1521 2505 luit

421 2556 538 2609 tumus
565 2538 701 2619 opinions
722 2539 823 2601 falsu.
864 2538 950 2601 Nam
970 2539 1214 2601 AEculanensinm
1233 2539 1400 2626 calamitas,
1412 2543 1522 2603 ceteris

402 2689 463 2754 syu

404 2623 458 2674 Vir.
468 2625 509 2676 ¹¹¹·
520 2627 547 2676 in
567 2635 693 2719 Hirpini
705 2636 831 2698 nominis
842 2638 963 2699 urbibus
979 2637 1159 2700 documento
1171 2637 1238 2713 fuit,
1251 2647 1285 2699 ut
1300 2637 1435 2700 celeriter
1448 2642 1519 2701 mis-

403 2752 458 2805 Ην,
468 2753 534 2822 1:912
565 2735 606 2794 sis
617 2734 725 2815 legetis
736 2736 883 2818 imperata
895 2735 1024 2798 iacturas
1037 2736 1214 2796 nuntiarent
1256 2734 1318 2796 Sed
1330 2745 1428 2798 metus
1441 2747 1519 2812 erat,

403 2817 511 2884 Attin·
566 2851 604 2892 ne
615 2831 747 2893 duriores
759 2853 779 2894 a
795 2833 906 2894 victore
923 2833 1108 2894 conditiones
1121 2831 1295 2894 dicerentur.
1337 2833 1458 2896 Idcirco
1477 2837 1518 2897 ad

565 2929 758 3010 mitigandam
769 2932 837 3011 ejus
848 2931 922 2992 iram
936 2929 988 3012 qui
999 2929 1080 2990 missi
1092 2929 1221 3004 fuerant,
1235 2931 1278 2991 ita
1289 2929 1351 2991 iere
1368 2933 1461 2994 verba
1473 2933 1519 2995 ie·

564 3036 679 3089 cerunt.
1110 3088 1121 3109 s

605 3129 657 3186 27.
678 3121 847 3184 ‘Oratores
864 3143 917 3204 pro
937 3132 1024 3203 gente
1045 3132 1146 3185 nostra
1160 3125 1306 3198 venimus,
1324 3125 1361 3186 L.
1381 3125 1518 3200 Corneli,

565 3227 610 3290 ut,
621 3219 741 3299 quando
751 3240 816 3280 earn
830 3219 963 3280 stultitia
974 3240 1035 3280 suae
1047 3221 1179 3301 poenitet,
1193 3221 1343 3302 quomodo
1351 3223 1407 3282 tibi
1420 3241 1517 3304 popu-

564 3313 654 3395 loque
668 3313 809 3390 Romano
820 3314 955 3377 satisfieri
973 3325 1083 3398 posset,
1095 3315 1284 3378 disceremus.
1326 3317 1382 3379 Fst
1395 3319 1518 3400 quidem

564 3412 708 3473 nonnulla
730 3413 817 3474 nobis
835 3413 1005 3487 solicitudo,
1025 3433 1063 3474 ne
1085 3412 1208 3476 fortasse
1229 3416 1389 3476 recentium
1406 3416 1518 3478 irarum

563 3529 686 3582 mernor,
694 3509 859 3572 vindictam
869 3529 1006 3572 exercere
1017 3511 1047 3570 in
1059 3511 1216 3584 obnoxios,
1226 3531 1316 3592 quam
1328 3511 1518 3574 clementiam

564 3606 665 3666 malis:
686 3605 738 3667 sed
751 3606 819 3687 plus
832 3617 886 3668 tua
897 3627 951 3667 nos
962 3606 1125 3669 moderatio
1137 3606 1321 3668 consoletur:
1340 3627 1431 3690 quam
1444 3609 1518 3690 quia

436 3701 441 3709 “
562 3723 679 3784 semper
690 3704 838 3775 mesisti,
847 3704 985 3783 quoniam
998 3711 1062 3764 erat
1073 3703 1129 3763 tibi
1141 3704 1282 3782 ingenita,
1293 3724 1371 3766 nunc
1381 3703 1518 3786 prolecto

564 3819 622 3859 non
635 3798 770 3878 abjicies,
780 3787 1031 3881 postquam'haud
1045 3799 1210 3861 interiorem
1223 3799 1304 3873 inde,
1314 3820 1405 3881 quam
1417 3821 1457 3862 ex
1471 3812 1518 3865 tot

563 3895 695 3956 victoriis
713 3897 847 3956 extitisse
862 3896 919 3956 tibi
937 3894 1060 3975 gloriam
1076 3896 1255 3977 comperitti.
1297 3895 1400 3958 Nemo
1411 3919 1517 3961 eorum

563 4012 638 4072 quos
658 3992 739 4053 mala
755 4010 838 4053 mens
858 4001 911 4052 aut
924 3992 1047 4053 aliorum
1071 3993 1221 4074 persuasio
1234 3992 1383 4072 eoadegr't
1396 3997 1517 4056 temeri-

563 4089 645 4159 tatis,
658 4097 693 4149 ut
709 4089 808 4149 hostes
828 4109 891 4150 esse
910 4089 1010 4162 vestri,
1031 4107 1122 4169 quam
1139 4089 1212 4150 socii
1229 4097 1440 4172 praeoptarent,
1453 4093 1517 4154 vim

563 4193 646 4245 tuam
661 4185 763 4257 sensit,
781 4185 837 4245 nisi
857 4184 998 4266 quamdiu
1019 4185 1107 4247 rsctis
1127 4185 1246 4248 monitis
1265 4205 1297 4246 se
1318 4186 1445 4269 prebuit
1468 4189 1515 4250 in·

561 4280 760 4342 tractabilem.

602 4383 654 4440 28.
675 4387 685 4415 ⁴
701 4376 773 4439 Nec
795 4375 937 4440 adversus
955 4377 1011 4440 bos
1027 4377 1232 4442 tantummodo
1249 4388 1304 4442 tua
1319 4379 1516 4444 mansuetudo
