3300 5225
914 605 950 653 'l'-
973 606 1069 655 Llllll

583 744 754 809 invidiosior
765 747 901 809 riotoriu.
943 747 1028 810 Nem
1039 748 1102 822 ille,
1115 751 1167 811 obi
1179 749 1299 813 lormnn
1308 772 1363 814 non
1374 751 1537 835 adjuverit,

582 844 735 905 vindicare
756 846 888 926 privatae
909 845 1080 908 inimicitior
1100 850 1305 911 communibus
1328 851 1417 911 urmin
1438 852 1535 913 volet:

582 952 624 1014 et,
645 962 734 1025 nuprn
751 953 886 1004 naturum
905 964 1016 1021 esurum
1037 948 1370 1027 utquennguineriem
1382 959 1536 1011 oontume-

582 1039 639 1100 lien
651 1060 719 1101 nunu
731 1048 763 1101 et
775 1041 908 1121 periculo
919 1062 1038 1125 nupero
1057 1043 1137 1123 suque
1156 1046 1187 1104 iu
1199 1046 1355 1106 eonsilium
1369 1046 1537 1107 adhibebit

584 1136 729 1198 Nondum
751 1138 815 1200 hren
835 1149 901 1202 erut
922 1161 1036 1222 penne,
1047 1160 1115 1201 oum
1135 1142 1176 1202 ob
1195 1142 1329 1203 tribunos
1348 1144 1389 1203 ub
1400 1146 1543 1205 exercitu·

584 1232 744 1315 lepidutoe,
758 1230 928 1318 quenquam
940 1248 1009 1298 ente
1018 1236 1096 1299 lorer
1106 1238 1185 1299 ultor
1193 1250 1281 1311 eeeet,
1292 1239 1538 1321 multoeinrignee

584 1332 664 1391 riron
683 1343 801 1415 propter
822 1335 982 1395 amicitiem
1003 1335 1098 1417 Sylloe
1118 1338 1247 1397 necavit.
1289 1337 1429 1406 Quantus
1450 1338 1538 1401 illum

585 1438 697 1508 iunges
721 1430 869 1491 editurum
894 1443 1042 1515 putemus,
1069 1434 1120 1495 ubi
1145 1454 1257 1495 vuouue
1283 1446 1377 1506 rnetu,
1399 1438 1539 1497 incensu

585 1526 683 1597 mulis,
697 1528 818 1589 arbitrio
837 1550 892 1591 nuo
910 1529 949 1591 de
969 1531 1095 1591 inimicis
1113 1531 1276 1593 vindictum
1295 1533 1414 1593 sumet?

625 1629 676 1683 43.
697 1623 785 1687 ‘Sed
804 1647 843 1687 eu
865 1648 912 1687 ree
933 1627 1029 1688 multo
1053 1630 1205 1709 cooperiet
1230 1629 1355 1690 infamio
1377 1632 1538 1691 victorium

585 1730 725 1793 nostrum,
737 1736 912 1805 nummoque
925 1744 979 1785 nor
1000 1724 1111 1807 pudore
1134 1746 1170 1787 eo
1187 1728 1308 1788 tristitie
1319 1726 1471 1802 conficiet,
1483 1733 1538 1811 qui

585 1818 687 1899 utique
701 1840 759 1881 non
771 1823 943 1901 sanguinem
955 1824 1076 1893 civium,
1089 1823 1142 1883 ned
1159 1825 1360 1896 concordium,
1372 1834 1405 1886 et
1416 1828 1539 1909 reipub-

584 1912 651 1977 lioae
670 1916 807 1989 sulutem,
821 1929 853 1980 et
869 1940 924 1980 eun
939 1922 1047 2001 ouique
1059 1924 1131 2001 jure
1143 1923 1258 2001 integre
1270 1932 1361 2003 etque
1374 1924 1469 1986 illm
1481 1948 1539 2008 op-

584 2020 692 2084 temus,
705 2024 736 2075 et
748 2016 794 2076 bie
806 2016 913 2096 gladiio
926 2038 984 2079 non
998 2018 1090 2080 ulium
1102 2020 1143 2080 ob
1154 2040 1275 2081 ouusem
1287 2022 1445 2101 cingimur.
1470 2025 1538 2085 Ac·

583 2109 663 2196 oedit
672 2110 870 2175 odolescentir
881 2114 972 2176 Marii
985 2117 1138 2179 simillime
1146 2118 1277 2199 potorum
1286 2129 1402 2181 neuim
1411 2122 1541 2202 perfidie

583 2216 615 2266 et
627 2207 809 2271 erudelitas:
830 2232 919 2292 quem
942 2213 994 2273 ubi
1014 2215 1169 2295 receperis,
1189 2215 1305 2288 eoueul,
1321 2220 1389 2298 jorn
1409 2223 1539 2291 noverit,

583 2322 645 2384 qun
667 2305 707 2365 rit
727 2306 877 2385 egendum
893 2307 1050 2381 modoetia,
1063 2331 1101 2371 ue
1120 2320 1151 2372 te
1169 2311 1221 2373 ille
1241 2334 1326 2394 puer,
1337 2317 1406 2395 jun
1429 2317 1539 2397 insigni

581 2402 740 2482 specimine
753 2403 863 2465 indolis
873 2404 965 2478 edito,
980 2406 1015 2466 L.
1029 2407 1173 2469 Porcium
1184 2430 1249 2469 enne
1261 2420 1356 2491 putet.
1398 2413 1496 2476 Ruunt
1507 2426 1539 2476 et

582 2496 644 2559 nlin
656 2518 724 2581 quae
738 2503 849 2563 moneri
861 2502 975 2563 utiliter
987 2505 1163 2585 potuissent:
1184 2504 1304 2585 nedego
1316 2517 1372 2569 eut
1382 2510 1449 2571 bne
1468 2532 1538 2592 qun

582 2593 647 2656 dixi
669 2594 832 2660 suffectura
847 2598 934 2660 robis
953 2598 1054 2671 oredo,
1077 2608 1131 2662 eut
1152 2602 1226 2662 nibil
1249 2602 1383 2685 prolecto
1404 2604 1538 2670 loturum

495 2745 498 2753 .
583 2693 666 2754 utin.

623 2777 674 2851 44.
697 2791 805 2858 ‘Quid
819 2792 909 2871 igitur
931 2791 971 2855 0.
985 2793 1086 2855 Murio
1097 2816 1181 2856 nrum
1198 2797 1335 2860 offerenti
1351 2821 1474 2882 operum
1491 2826 1537 2866 re-

583 2885 797 2968 epondebiturl
819 2887 930 2950 Dionm
942 2889 1080 2971 equidem
1090 2892 1171 2972 quod
1184 2896 1301 2956 sentio:
1322 2899 1474 2977 quidlibet
1486 2924 1542 2984 po-

480 3057 482 3060 ,
583 2985 653 3054 tius,
665 3004 755 3065 quem
769 2985 871 3066 recipi.
913 2985 975 3047 Sed
988 2987 1046 3048 boo
1063 2986 1139 3048 forte
1157 3009 1255 3071 neque
1272 2993 1428 3075 indignum
1441 3000 1538 3071 nobis,

583 3099 679 3160 neque
701 3080 788 3140 rebun
807 3085 1001 3164 pruentibue
1025 3084 1130 3144 inutile
1146 3084 1248 3159 fuerit,
1274 3090 1319 3150 ite
1343 3095 1538 3174 remonderr:

584 3175 677 3244 Quod
700 3177 879 3251 CtMeriue,
901 3181 1012 3262 quique
1031 3201 1101 3242 oum
1120 3204 1158 3244 eo
1175 3194 1254 3258 eunt,
1267 3207 1389 3269 operum
1399 3212 1486 3254 nuum
1501 3194 1538 3254 L.

584 3272 690 3334 Cinnae
697 3277 811 3337 nonnuli
819 3279 920 3358 reique
928 3279 1057 3360 publicae
1064 3281 1185 3352 obtulit,
1197 3283 1229 3342 id
1240 3286 1297 3346 rite
1310 3287 1349 3347 ub
1361 3309 1400 3350 eo
1410 3290 1540 3363 suetum,

583 3367 721 3452 omnique
735 3373 837 3435 levore
848 3375 970 3455 dignum
983 3377 1088 3438 videri.
1131 3379 1272 3442 Ceterum
1294 3383 1330 3444 1.
1345 3386 1452 3448 (linnae
1465 3411 1539 3451 eon-

583 3467 656 3528 eulin
666 3489 739 3550 oper
754 3471 783 3530 in
801 3474 959 3552 presentie
970 3483 1069 3536 tenter
1084 3497 1160 3549 eene,
1179 3489 1214 3538 ut
1231 3481 1404 3563 propediem
1421 3486 1461 3548 nd
1475 3489 1540 3550 Ur·

584 3565 663 3637 beru,
676 3575 760 3628 certe
770 3589 823 3649 epe
837 3570 907 3630 boni
919 3591 1080 3644 suooeenun,
1093 3575 1252 3638 admovere
1263 3581 1348 3659 signa
1359 3581 1540 3647 decreverit.

584 3659 777 3725 Inimicorum
795 3669 924 3728 coercito
936 3671 1082 3749 prnritute
1093 3693 1174 3733 ouroe
1184 3676 1299 3737 nonnuli
1310 3678 1386 3751 iore,
1399 3690 1434 3742 nt
1443 3693 1475 3744 et
1485 3705 1541 3746 oe·

583 3760 651 3832 teri,
670 3763 722 3842 qui
742 3775 839 3824 ereent
859 3785 911 3846 per
928 3767 989 3828 vim
1002 3771 1110 3848 ejecti,
1129 3781 1161 3832 et
1181 3777 1540 3854 praemunimus,

583 3869 769 3942 quantocyus
789 3864 989 3926 restituentur.
1031 3867 1153 3930 Interea
1172 3892 1258 3952 poure
1277 3874 1364 3937 illum
1385 3900 1419 3939 re
1436 3891 1542 3944 tenere

583 3957 656 4017 tutin
667 3956 761 4018 loeis:
782 3978 884 4020 omnen
895 3960 1021 4024 boetium
1028 3966 1130 4046 copies
1142 3969 1182 4028 nb
1193 3969 1248 4030 illo
1260 3973 1290 4033 iu
1300 3994 1333 4034 ee
1343 3987 1541 4043 evocaturum

583 4073 645 4113 eene
663 4054 830 4116 consulem:
851 4066 883 4118 et
902 4059 927 4118 ei
948 4070 1055 4140 praeter
1070 4083 1154 4144 spem
1177 4080 1327 4146 urgentur,
1348 4073 1388 4134 ud
1407 4078 1542 4156 primurn

584 4153 730 4222 nuntium,
740 4152 820 4233 quod
833 4157 953 4218 notionit
962 4157 1002 4218 ud
1015 4161 1184 4239 praeeidium
1192 4168 1257 4245 ejue
1266 4171 1420 4250 oopiernm
1432 4175 1541 4239 affore.

584 4247 636 4308 ltu
648 4268 703 4310 neo
724 4250 836 4312 invidie
856 4253 955 4314 olienu
975 4259 1181 4321 onerabimur:
1201 4272 1234 4323 et
1253 4267 1278 4325 oi
1291 4267 1366 4346 quid
1378 4272 1492 4334 utiliter
1507 4278 1540 4337 in

583 4365 645 4404 rern
658 4357 785 4408 nostrum
808 4353 910 4410 oonuri
933 4351 1051 4414 Morino
1068 4359 1188 4438 poterit,
1209 4361 1240 4420 id
1258 4364 1351 4426 nihilo
1362 4371 1492 4447 segnius,
1508 4383 1542 4434 et

583 4445 657 4506 citro
670 4444 802 4506 fraudem
816 4458 945 4509 nostrum
958 4449 1033 4513 fiet’

420 4558 559 4608 Pluusm.
624 4549 673 4602 45.
698 4541 776 4602 Haec
801 4545 852 4605 ubi
874 4557 943 4608 eunt
955 4570 974 4608 n
987 4549 1120 4614 Sertorio
1139 4554 1232 4628 diota,
1255 4557 1289 4618 L.
1302 4560 1410 4634 Cinna,
1426 4561 1541 4628 *recte
