3300 5225
350 555 455 606 nrnnr
481 555 619 608 nxxvr.
642 555 968 610 surranuanruu.
1146 545 1236 612 tutu

119 699 258 770 terminos
281 717 340 760 non
353 699 450 760 minus
462 708 553 782 atque
567 702 698 780 gentium
716 703 789 782 jura
801 701 989 766 Mithridatis
1005 723 1070 766 am-

118 797 192 856 bitio
208 797 350 870 turbavit,
375 796 503 858 redactis
516 799 547 860 in
563 799 706 862 ditionem
725 800 874 882 plerisque
893 801 1071 883 populorum

117 913 191 974 quos
203 895 415 955 enarravimus.

155 995 208 1050 29.
230 989 278 1050 At
290 991 453 1072 antiquitus
465 990 604 1054 Ponticae
622 999 723 1072 gentes
740 991 831 1054 hulme
845 991 983 1054 videntur
999 993 1070 1058 Ma·

116 1085 267 1166 riandyni,
282 1086 461 1170 Mosynceci,
476 1087 643 1161 Cauoones,
661 1089 713 1170 qni
725 1089 792 1170 jam
805 1097 895 1150 atate
915 1087 1073 1154 Strabonis

115 1184 191 1244 nulli
211 1183 430 1266 superfuerunt,
444 1183 608 1267 Chalybes,
628 1187 679 1268 qui
699 1195 730 1248 et
747 1185 899 1260 Chaldaei,
917 1185 1071 1262 Tibareni,

117 1281 281 1342 Macrones
306 1281 508 1344 Euboicorum
525 1282 640 1344 credita
660 1283 789 1346 colonia.
832 1283 917 1344 Nam
934 1293 999 1346 tota
1018 1285 1073 1346 illa

113 1377 211 1438 Ponti
224 1399 277 1438 ora
290 1377 463 1440 Grecorum
476 1378 664 1460 frequentata
675 1379 915 1460 navigationibus
927 1381 1073 1462 plurimas

115 1476 211 1553 genus
224 1477 290 1554 ejus
302 1475 389 1536 urbes
401 1475 516 1548 habuit,
537 1495 661 1556 quarum
679 1475 880 1538 celeberrima
897 1475 978 1538 fuere
995 1476 1071 1540 Tra·

115 1593 207 1652 pezus
228 1581 260 1632 et
282 1570 445 1634 Heraclea.
487 1572 634 1634 Amnium
655 1572 854 1636 Ponticorum
871 1575 1071 1642 nobilissimus

113 1668 239 1743 Phasis,
252 1689 321 1733 curn
334 1669 406 1730 urbe
416 1671 589 1749 cognomine
605 1669 643 1730 ad
656 1671 774 1731 ostium.
816 1670 947 1752 Pyxites
958 1671 1071 1756 Trape-

114 1775 236 1830 zuntem
248 1765 345 1828 allrrr't.
391 1766 517 1826 Flumen
531 1765 683 1828 Jssonium
701 1767 1069 1832 memoriamretiuuitan·
1096 1775 1180 1825 schot
1203 1833 1208 1842 ,

114 1865 288 1944 tiquissime
302 1861 478 1926 Graecorum
498 1863 620 1924 heroum
636 1863 843 1946 expeditionis.
886 1863 948 1926 Sed
965 1874 997 1926 et
1008 1867 1071 1930 alia
1081 1839 1198 1906 ΔΝΜ·

113 1959 211 2021 multa
236 1981 290 2042 per
309 1981 360 2022 ess
377 1961 512 2040 regiones
532 1961 562 2021 in
585 1960 719 2021 Pontum
739 1961 893 2022 Euxinum
915 1975 1070 2044 permeant

114 2055 251 2128 humina,
267 2066 353 2118 tanta
371 2055 492 2138 quidem
509 2058 540 2117 vi
554 2077 708 2144 aquarium,
723 2066 756 2117 ut
767 2065 857 2128 terra,
871 2079 961 2139 quam
973 2063 1069 2122 conti·
1096 2067 1182 2135 Polyb.
1193 2085 1232 2122 rr.

113 2173 171 2216 nuo
185 2153 317 2216 inserant
330 2175 441 2228 amnes,
455 2153 636 2236 implendum
649 2152 811 2238 aliquando
823 2153 901 2216 illud
912 2175 994 2216 mare
1003 2156 1069 2220 Po·
1081 2139 1124 2185 ⁴⁰⁸

112 2251 214 2332 lybias
225 2252 432 2334 disputaverit.

152 2355 205 2408 30.
228 2347 311 2410 Haec
324 2348 413 2428 igitur
425 2367 516 2426 regna
528 2367 699 2430 quanquam
712 2368 780 2408 snos
792 2367 919 2429 quaque
932 2370 1015 2428 reges
1029 2351 1069 2411 ab

113 2447 324 2527 antiquissimis
343 2445 523 2526 temporibus
542 2446 725 2516 habuissent,
746 2455 845 2506 tamen
862 2455 983 2528 propter
993 2449 1068 2510 vici·
1103 2505 1110 2520 ,

113 2545 193 2606 niam
208 2543 353 2617 locorum,
367 2551 399 2604 et
410 2542 517 2623 linguae
526 2561 699 2624 morumque
712 2541 893 2606 commerciis
903 2544 1067 2604 variemix-

112 2652 157 2703 tos
182 2642 323 2723 populos,
349 2641 471 2715 crebrae,
498 2649 532 2702 ut
553 2639 618 2701 lieri
637 2650 731 2713 amat,
754 2640 839 2712 rixa,
857 2639 966 2703 deinde
986 2642 1070 2703 bella
1101 2704 1107 2716 ,

113 2740 293 2801 oriebantur.
335 2738 380 2799 Et
400 2747 433 2813 ut
452 2738 588 2817 gravima
605 2737 665 2799 fere
682 2738 821 2799 humanis
837 2736 976 2798 remediis
987 2738 1070 2801 mala

113 2846 191 2911 sunt,
210 2836 359 2897 connubia
374 2854 487 2914 regum,
505 2835 675 2915 mixtusque
691 2832 834 2895 affinitate
851 2834 971 2913 sanguis
991 2834 1069 2897 adeo

114 2954 170 2995 non
184 2933 313 2994 finiebat
330 2941 444 2994 veteres
458 2932 684 3003 controversias,
704 2940 739 2993 ut
756 2952 814 2991 non
831 2930 892 2991 alia
905 2929 1069 2994 loecundior

115 3032 197 3091 noris
211 3030 367 3111 gignendis
379 3031 516 3091 materies
528 3038 613 3089 esset.

152 3136 205 3192 ³1.
228 3125 307 3187 Inde
320 3127 416 3189 auctis
432 3126 520 3197 odiis,
538 3146 607 3187 oum
625 3126 716 3185 etiam
734 3124 850 3207 imperii
864 3122 1066 3206 amplificandi

113 3228 218 3287 insana
230 3224 333 3285 lubido
350 3223 557 3285 Mithridatem
574 3220 749 3294 stimularet,
763 3232 927 3303 temperare
941 3243 1000 3283 non
1012 3244 1066 3304 po-

112 3328 178 3397 tnit,
193 3325 269 3404 quin
281 3321 405 3385 subinde
418 3342 457 3383 ex
471 3320 624 3383 occasione
642 3329 805 3401 temporum
819 3322 933 3382 vicinos
945 3320 1067 3382 infesta·

112 3432 166 3485 ret.
211 3421 255 3481 Et
267 3428 354 3485 anua
367 3418 487 3499 quidem
501 3416 699 3480 Nicomedem
711 3418 800 3479 etiam
814 3416 1067 3479 Ariobarzanem·

113 3540 170 3599 que
182 3517 359 3600 expulerat:
381 3526 423 3587 et,
441 3534 611 3596 quanquam
628 3514 762 3575 reducis
781 3509 930 3575 Romanis
940 3515 1067 3588 tulisset,

113 3624 257 3697 tanquam
269 3612 504 3675 imbecillitatem
516 3612 572 3671 sibi
585 3613 795 3693 exprobrantes
806 3611 979 3693 aspiciebat.
1013 3612 1066 3672 Illi

113 3713 259 3784 sicusim,
273 3710 358 3773 salvo
373 3720 436 3771 tam
451 3718 570 3790 potente
589 3708 698 3780 vicino,
720 3710 919 3789 nequicquam
939 3710 1066 3771 restituti

112 3810 299 3871 videbantur.
342 3808 385 3872 Et
401 3805 584 3869 accedebant
604 3824 622 3864 a
639 3802 787 3867 Romanis
803 3805 930 3868 dacibus
940 3806 1065 3879 stimuli,
1076 3823 1184 3889 Appia.

112 3906 162 3987 qui
174 3904 342 3988 praedarum
360 3913 392 3965 et
409 3904 511 3984 gloriae
527 3922 592 3985 spe,
613 3900 724 3961 bellum
745 3902 952 3983 undecumque
963 3903 1065 3984 cupie-
1076 3889 1152 3941 Mitt.

112 4004 185 4065 bant
196 4022 384 4082 consurgere.

149 4106 202 4160 32.
225 4099 323 4177 Igitur
340 4118 460 4181 operam
473 4095 628 4167 dederant,
647 4105 680 4155 ut
692 4113 760 4154 cum
773 4094 937 4155 minacibus
949 4094 988 4154 ad
1003 4094 1064 4154 Mi·

111 4198 272 4259 thridatem
297 4195 446 4257 mandatis
468 4202 588 4254 senatus
607 4191 725 4251 nomine
752 4190 843 4269 legati
862 4192 1063 4263 mitterentur;
1076 4216 1227 4269 omna,

111 4305 119 4330 ⁴
132 4294 264 4356 bellum'
276 4288 508 4363 denuntiantes
520 4292 529 4327 '⁸
542 4289 584 4363 ni,
598 4308 673 4369 quos
686 4286 811 4369 populus
825 4286 979 4349 Romanus
991 4288 1064 4349 viei-

140 4458 153 4493 ⁴¹
177 4459 286 4509 &nutas
306 4456 399 4505 nomiae
422 4453 497 4517 usati
513 4486 575 4507 ....
593 4453 676 4503 bellura
693 4449 872 4515 naamanin]
898 4449 965 4502 Hac
982 4452 1064 4503 mina.
