3300 5225
360 559 465 613 nrnnr
490 558 648 611 uxxurr.
670 528 997 619 surrunu‘nuruu.
1147 545 1237 613 4543

133 724 230 767 nomen
248 724 311 765 esne
328 703 448 766 videtur
468 704 589 777 indicio,
611 704 819 767 duodecimam
840 706 936 768 debiti
958 714 1074 788 partem

131 805 271 863 remissam
283 802 467 863 debitoribus
478 802 576 863 luisse.

131 944 134 952 -
166 905 213 959 46.
234 897 367 960 Comitia
378 899 497 971 deinde,
511 902 682 981 priusquam
700 899 934 982 proficisceretur
952 901 982 959 in
1002 918 1073 980 ‹pro-

131 996 261 1068 vinciam,
274 997 399 1058 habuit:
422 1000 524 1078 inquo
541 999 658 1077 negotio
677 1006 862 1077 mansuetum
883 1018 915 1057 se
934 997 1072 1078 praebuit,
1203 1060 1208 1069 ,

130 1104 157 1152 et
168 1095 342 1155 omnimodis
354 1095 533 1177 popularem.
562 1094 646 1155 Nam
657 1105 688 1155 et
700 1094 838 1156 Nonium
849 1095 956 1155 sororia
967 1092 1073 1164 lilium,
1101 1103 1237 1171 Pinnsptt

129 1198 157 1249 et
169 1188 230 1250 Ser.
244 1190 423 1273 Sulpicium,
435 1212 607 1272 quanquam
621 1192 742 1253 subnixi
753 1212 809 1252 sua
818 1189 1074 1253 commendatione
1085 1185 1108 1220 ⁰·
1121 1174 1161 1220 ¹⁹·

130 1296 226 1357 ment,
248 1289 441 1367 ignominiose
464 1290 595 1371 repulsos
620 1290 748 1350 civiliter
772 1290 858 1350 tulit:
890 1289 1074 1367 ‘jucundum
1125 1294 1130 1299 “

128 1386 179 1444 sibi
191 1406 251 1445 cam
264 1386 274 1414 ’
286 1385 427 1447 dictitans
439 1394 448 1422 ¹
463 1386 565 1447 videre
578 1386 721 1469 populum
734 1388 872 1451 libertate
885 1395 1005 1468 recepta
1023 1387 1071 1447 vel

128 1472 369 1544 contrn'auctorm
381 1484 520 1545 beneficii
534 1486 687 1547 utentem!

162 1586 209 1643 ii.
231 1579 394 1641 Consulem
406 1600 524 1662 quoque
546 1580 581 1641 L.
594 1580 723 1642 Cinnam
737 1579 887 1659 designari
901 1602 1004 1663 pannus
1015 1589 1071 1650 est,
1180 1634 1184 1640 .

128 1676 192 1737 licet
202 1678 335 1757 iniquum
356 1678 424 1748 nihi,
444 1688 476 1739 et
497 1680 628 1760 partibus
641 1678 796 1738 adversum
809 1678 908 1739 sciret.
949 1678 970 1737 J
972 1682 1071 1759 urejn-

127 1774 212 1834 rando
224 1784 324 1836 tamen
347 1775 449 1855 adegit
470 1775 542 1835 nilril
563 1786 757 1837 novaturum:
780 1776 864 1855 isque
876 1777 907 1835 in
921 1774 1074 1858 capitolio
1101 1782 1202 1848 Βίοις).

127 1871 219 1931 multis
231 1874 426 1953 proruentibus
435 1872 518 1934 silice
531 1870 632 1955 lapide
644 1874 866 1955 comprehenso,
880 1875 924 1933 ‘ai
936 1872 1073 1933 falleret’
1085 1848 1170 1963 {¹⁸:2⁶

126 1980 255 2049 precatus
268 1969 352 2032 Deos
364 1970 473 2041 inerat,
488 1980 497 2007 ‘
512 1972 555 2031 ita
567 1992 598 2031 se
611 1990 730 2052 quoque
743 1972 910 2052 projectum
923 1970 1072 2039 vellent;'

125 2084 187 2124 cnm
198 2066 281 2127 dicto
293 2068 425 2149 lapidem
438 2069 574 2128 emittens
595 2088 694 2127 manu.
738 2066 799 2127 Sed
822 2076 855 2127 et
874 2066 1022 2146 collegam
1044 2068 1073 2126 ei

126 2160 179 2222 Gn.
190 2162 352 2225 Octavium
373 2164 500 2235 addidit,
513 2172 673 2246 compertae
695 2164 848 2225 modestice
861 2165 968 2235 virum,
986 2167 1072 2244 cujus

125 2263 289 2321 maturitate
310 2247 450 2332 Cinnam,
472 2262 499 2321 si
522 2280 605 2321 ruere
627 2262 773 2343 coepimet‚
794 2261 935 2341 sperabat
953 2262 1070 2321 retineri
1137 2322 1145 2329 ,

124 2376 210 2435 pomo.
253 2355 317 2419 His
342 2360 385 2417 ita
410 2358 529 2427 curatis,
560 2357 708 2419 consulari
732 2365 879 2438 potestate
903 2366 1070 2427 contentus,
1083 2379 1190 2446 Appian.

123 2456 265 2533 praemirno
288 2455 328 2515 ad
352 2456 490 2537 Capuam
512 2456 657 2525 exercitu,
677 2455 802 2516 coloniis
814 2476 868 2535 per
881 2454 1004 2516 Italiam
1016 2455 1069 2516 de·
1082 2477 1135 2528 u„
1144 2478 1212 2544 1:952

123 2549 258 2613 ducendis
271 2572 390 2634 operam
405 2550 498 2612 dedit.

136 2634 140 2652 ³
158 2657 207 2710 48.
229 2648 293 2709 Sed
306 2648 430 2709 adversa
451 2647 556 2716 factio,
580 2650 631 2709 nbi
651 2667 766 2720 censore
788 2656 901 2708 metum
922 2667 1069 2706 armorum
1081 2643 1192 2709 dirim·

122 2743 207 2816 ridet,
227 2745 268 2806 ad
293 2747 447 2828 pristinum
470 2741 626 2806 consilium
647 2745 793 2812 revoluta,
808 2742 972 2824 locupletes
994 2730 1068 2824 prie-

121 2843 214 2902 sertim
225 2851 257 2902 et
270 2841 397 2902 lninae
410 2840 548 2922 quaedam
562 2841 741 2922 praedivites,
760 2840 834 2900 nihil
848 2860 907 2900 non
920 2849 954 2898 nt
965 2837 1069 2899 exule·

121 2939 300 3000 rectituerent
312 2938 519 2998 moliebantur.
562 2937 664 2999 Etiam
676 2936 830 2998 consulum
841 2938 913 2996 vitoe
925 2935 1069 2996 diceban·

121 3042 163 3092 tur
174 3033 288 3094 inaidiae
299 3033 376 3104 fieri,
389 3033 471 3114 quod
484 3035 520 3094 iia
532 3054 563 3094 sc
576 3033 668 3095 salvio
677 3042 777 3094 tenere
788 3053 873 3114 ponae
886 3034 1069 3114 propositum

121 3131 223 3193 inimici
235 3152 298 3192 non
318 3133 472 3214 putabunt„
515 3131 577 3193 Sed
598 3130 686 3212 Sylla
705 3129 779 3191 belli
793 3129 993 3191 Mithridatici
1013 3127 1067 3188 de-

119 3238 196 3307 creto¹
205 3229 332 3312 imperio
345 3231 435 3289 tutior
455 3229 494 3289 ab
515 3230 660 3308 ejusmodi
681 3228 814 3310 periculo
827 3227 1001 3288 videbatur:
1023 3228 1067 3294 Q.

120 3323 254 3408 Pompeii
267 3327 418 3386 miseratio
430 3327 551 3388 subibat
562 3327 679 3398 animis,
693 3325 774 3406 quod
793 3326 818 3388 in
838 3325 911 3385 nilril
930 3324 969 3385 ad
992 3343 1068 3404 pmc-

120 3422 228 3484 rclidaa
249 3422 452 3504 reprimendas
479 3423 651 3484 inimicitias
673 3423 781 3484 virium
808 3423 949 3483 habebat„
992 3421 1069 3482 Ideo

119 3522 302 3598 provinciaei
314 3519 406 3580 Italia
417 3541 486 3582 cum
500 3523 633 3582 exercitu
647 3521 699 3602 qui
712 3531 775 3582 tum
783 3521 838 3581 cub
852 3519 911 3581 Cn.
919 3519 1069 3599 Pompeio
1187 3536 1194 3548 ·

118 3619 286 3696 proconmle
299 3619 446 3704 merebat,
459 3618 563 3700 populi
572 3621 657 3698 jussu
671 3618 769 3680 datur.

153 3722 201 3776 49.
224 3715 474 3776 Offenditeares
485 3710 1068 3788 Onaenm‚etutnovonecanteoandito
1126 3751 1129 3757 -

116 3809 212 3872 sceleri
226 3813 376 3892 praeberet
388 3811 557 3892 exemplum
571 3813 716 3873 incitavit.
758 3809 833 3871 Hoc
849 3811 927 3869 enim
938 3808 1066 3890 primum
1078 3825 1142 3877 Veli.
1150 3843 1180 3880 n.
1188 3832 1229 3879 ῃ,

117 3926 189 3968 anno
199 3908 333 3969 oonaulis
346 3907 480 3971 Romani
493 3909 635 3987 sanguine
648 3907 765 3989 polluta
777 3914 876 3966 castra
884 3904 1065 3983 iubamque

117 4003 236 4066 militum
249 4025 357 4065 manus
369 4013 447 4064 sunt.
489 4005 613 4086 Quippe
629 4003 733 4066 conoul
756 4002 921 4082 Pompeius
933 3999 972 4060 ad
984 4001 1064 4060 acci-
1078 4015 1130 4067 liv.
1144 4015 1211 4082 Epic.
1333 4040 1335 4044 ·

116 4101 251 4178 piendum
275 4101 440 4162 exercitum
464 4099 623 4182 proiectus,
645 4109 676 4160 et
696 4101 774 4160 intro
787 4097 901 4159 vallum
913 4105 1063 4177 acceptus,
1075 4114 1184 4180 Appia.

115 4216 177 4256 cunr
189 4195 332 4278 postridie
346 4199 519 4258 concionem
533 4197 665 4268 haberet,
679 4195 803 4256 cedente
817 4195 985 4274 inspeciem
996 4213 1064 4275 pro-

115 4293 241 4366 consule,
256 4294 330 4356 satin
351 4292 421 4354 laeta
443 4293 551 4354 habene
569 4294 655 4353 initia
676 4291 792 4373 imperii
814 4292 958 4350 viamest
1001 4287 1063 4348 Sed

115 4408 179 4450 mox
197 4393 312 4470 majore
325 4391 413 4450 turba
425 4391 509 4471 quasi
528 4389 629 4450 audire
643 4390 867 4450 concionantem
879 4385 1062 4466 cupientium
