3300 5225
885 540 920 589 Τ.
946 540 1043 588 uvi!

548 700 657 761 'quam
680 690 750 743 ante
774 700 843 741 eum
864 680 944 743 atior
962 690 1144 745 vexaverat:
1165 681 1283 743 infinita
1308 700 1401 763 prope
1425 680 1520 741 miliia

566 776 739 839 Graecomm
752 798 769 837 e
783 777 894 839 Cilicia
905 778 1162 860 Cappadociaque
1180 779 1352 839 abactorum
1370 780 1402 837 in
1417 777 1520 837 Mero·

566 878 699 957 potamia
723 875 899 948 collocarat,
928 876 1057 938 Scenitin
1079 878 1171 937 etiarn
1197 875 1337 937 Arabum
1361 874 1520 935 tranferre

565 971 649 1033 aeden
668 974 698 1033 iu
719 973 787 1049 lopa
803 975 861 1035 eibi
878 974 1029 1055 placentia
1048 976 1170 1035 coacta.
1211 973 1276 1034 Hie
1292 974 1380 1033 rebus
1397 974 1442 1032 ita
1459 984 1521 1031 erat

546 1099 549 1111 ·
565 1070 673 1145 alatur,
687 1081 721 1133 ut
738 1072 848 1133 multoe
859 1073 890 1133 in
904 1072 1079 1154 quotidiano
1098 1074 1261 1133 ministerio
1279 1092 1364 1151 regen
1376 1071 1520 1131 haberet:

565 1188 692 1249 quorum
702 1178 841 1251 quatuor,
859 1172 884 1230 ai
896 1190 975 1251 equo
986 1171 1154 1242 veheretur,
1170 1173 1264 1251 juxta
1275 1169 1458 1229 incedebant
1470 1190 1521 1249 pe·

565 1266 661 1337 ditem
682 1268 707 1327 ai
718 1288 858 1349 responsa
870 1267 976 1347 legatia
987 1270 1120 1349 gentium
1134 1267 1282 1339 redderet,
1295 1268 1441 1328 conuertit
1453 1286 1521 1347 pac·

566 1364 686 1425 tinatim
699 1366 835 1425 manibus
846 1365 986 1425 antabmt
998 1366 1093 1426 taciti.

591 1497 594 1506 ›
606 1466 637 1521 8.
658 1460 748 1521 Nihil
759 1462 817 1523 hac
828 1482 921 1523 acena
932 1463 1123 1544 perturbatur
1131 1461 1262 1543 Appiua,
1271 1480 1341 1522 cum
1351 1458 1392 1519 ad
1402 1458 1521 1520 edenda

567 1557 709 1618 mandata
728 1559 966 1640 inconspectum
986 1560 1127 1631 venisset,
1147 1558 1205 1619 ⁶1..
1228 1557 1394 1643 Luculiru‚’
1414 1559 1522 1640 inquit,

567 1655 689 1737 ‘populi
715 1655 848 1717 Romani
873 1658 1044 1737 imperator,
1066 1657 1273 1718 Mithridatem
1296 1656 1338 1716 ob
1359 1654 1472 1716 multae
1492 1666 1523 1715 et

566 1774 672 1833 graver
684 1754 807 1833 injurias
810 1757 896 1834 justo
908 1756 1018 1835 pioque
1031 1754 1112 1815 bello
1123 1756 1250 1836 petitum
1259 1774 1350 1833 regno
1362 1774 1418 1813 auo
1426 1774 1521 1834 expu-

567 1849 613 1921 lit,
627 1870 679 1911 rex
691 1849 844 1929 Tigranes.
886 1852 987 1921 Quem
1007 1852 1097 1931 igitur
1114 1852 1201 1911 nobie
1216 1851 1330 1911 hortem
1342 1871 1399 1910 aua
1412 1850 1521 1931 impro-
1620 1911 1621 1944 1

565 1946 655 2017 bitae,
667 1967 782 2007 cervum
797 1947 921 2009 victoria
932 1957 967 2009 et
977 1948 1071 2009 virtue
1091 1957 1192 2009 noatm
1205 1946 1288 2019 fecit,
1301 1967 1384 2017 eum,
1399 1966 1521 2028 quoquo
1621 2021 1622 2036 χ

567 2041 638 2123 iuga
656 2064 687 2104 ae
707 2046 862 2126 proripuit,
878 2047 948 2125 jure
970 2047 1104 2125 gentium
1122 2046 1311 2127 reposcimus.
1353 2044 1430 2104 Non
1444 2044 1523 2103 arbi-

567 2148 677 2201 tramur
692 2150 733 2211 te,
752 2147 786 2200 ut
805 2141 967 2214 homiuem,
986 2142 1083 2204 donec
1099 2144 1208 2225 opibus
1223 2152 1256 2203 et
1276 2140 1395 2202 fortuna
1412 2140 1521 2211 floruit,

566 2237 703 2297 omuibua
728 2238 873 2319 iniquum,
899 2258 1031 2319 gravem,
1053 2240 1175 2311 tuentia,
1195 2260 1263 2299 cum
1281 2241 1363 2300 victo
1381 2246 1414 2299 et
1432 2236 1522 2298 exule
1623 2243 1624 2250 ’

566 2335 734 2395 communia
746 2336 856 2397 habere
869 2334 934 2395 fata
946 2336 1035 2397 velie.
1077 2336 1240 2397 Necenim
1252 2332 1522 2415 ignoras,eandeur
1624 2365 1625 2368 ¹

566 2450 687 2491 caueam
699 2452 762 2491 esre
775 2452 876 2492 eorum
888 2434 940 2514 qui
952 2432 1069 2513 fugiunt
1080 2434 1177 2505 beroa,
1189 2442 1222 2493 et
1239 2434 1292 2513 qui
1313 2431 1458 2511 fugitivae
1476 2450 1521 2489 re·

567 2528 692 2609 cipiunt.

607 2633 638 2688 9.
661 2636 670 2662 ‘
683 2627 811 2687 Etiamsi
827 2635 857 2687 te
870 2645 933 2708 prae
945 2625 1047 2686 multia
1058 2627 1176 2707 regibua
1187 2625 1322 2708 potentia
1332 2624 1436 2686 valere
1448 2625 1520 2697 acio,

568 2744 626 2786 non
640 2733 738 2785 umen
753 2725 859 2807 opinor
874 2735 935 2784 tam
950 2723 1010 2784 ieri
1028 2723 1067 2784 de
1083 2744 1175 2784 cauaa
1187 2723 1336 2784 iacturum
1350 2743 1418 2783 earo
1438 2725 1521 2805 quic-

567 2841 668 2902 quam,
682 2822 791 2903 quode
804 2822 860 2882 iiia
870 2821 1012 2882 dimicare
1024 2821 1149 2900 cogaris.
1190 2821 1316 2890 Quanto
1327 2821 1417 2902 ptura
1428 2821 1521 2901 poari-

565 2918 631 2990 dee,
658 2927 742 2980 tanto
767 2920 887 3000 gravina
910 2919 1127 3000 periclitabere.
1168 2917 1253 2985 Quid
1272 2937 1356 2978 arma
1378 2915 1522 2977 Romana

566 3015 697 3090 valeant,
712 3017 737 3076 ai
753 3016 884 3095 Magnua
895 3036 990 3098 nuper
1003 3015 1182 3088 Antiochus,
1194 3025 1226 3076 et
1239 3015 1356 3095 Magna
1368 3015 1522 3093 Carthago

566 3133 671 3194 parum
683 3112 807 3191 grandia
819 3121 873 3175 aut
884 3114 1017 3172 recentia
1027 3112 1207 3173 documenta
1217 3107 1306 3182 ἕως
1329 3111 1522 3173 Mithridaoer

566 3210 674 3271 docere
697 3211 807 3292 potuit,
830 3211 883 3291 qui
905 3218 936 3270 et
953 3211 1017 3291 ipae
1037 3209 1129 3290 vulgo
1147 3213 1216 3291 jam
1234 3218 1368 3292 cuperat
1389 3208 1522 3288 Magnus

568 3307 711 3388 usurpari.
753 3306 797 3366 Et
821 3315 920 3367 tarnen
942 3305 994 3366 ilie
1015 3307 1045 3366 in
1067 3327 1106 3366 ea
1124 3316 1259 3389 tempora
1275 3305 1394 3377 incidit,
1413 3305 1521 3386 (μῶυ

568 3422 651 3464 arma
661 3401 776 3474 civilia,
790 3412 844 3464 aut
860 3403 995 3475 accidia,
1015 3413 1070 3464 aut
1084 3403 1207 3466 aerrilia
1219 3403 1359 3484 denique,
1371 3403 1452 3463 eirea
1467 3403 1521 3462 im·

567 3499 642 3580 perii
652 3500 743 3560 noaui
756 3499 869 3560 divinae
880 3509 971 3580 atque
979 3500 1129 3562 diatrictaa
1140 3501 1290 3561 tenebant.
1323 3499 1421 3560 Nunc
1433 3501 1521 3558 inter-

567 3596 632 3656 tina
644 3595 726 3658 belia
745 3596 864 3677 ponitur
877 3597 1064 3676 quieverant.
1105 3597 1141 3658 N
1141 3596 1220 3658 utine
1232 3616 1358 3678 uuquam
1371 3596 1522 3656 Sertorinr

567 3701 622 3764 cat,
635 3691 735 3752 nulius
748 3691 921 3773 Spartacus,
938 3694 991 3774 qui
1009 3693 1115 3754 afferre
1135 3693 1377 3776 impedimentum
1398 3702 1521 3773 queant,

566 3811 615 3862 ne,
628 3788 710 3871 quod
721 3791 838 3850 aenatui
847 3790 1016 3872 populoque
1028 3790 1170 3852 Romam
1181 3793 1277 3852 viaum
1287 3790 1388 3862 fuerit,
1400 3790 1522 3872 paribus

566 3887 672 3946 animia
683 3887 855 3966 viribusque
867 3888 1072 3968 exequamur!

608 3990 658 4044 10.
681 3981 846 4054 Notarunt,
858 3983 911 4064 qui
923 3983 1090 4055 esturmi,
1109 3985 1168 4046 hac
1183 3985 1305 4065 juvenis
1316 3981 1445 4043 audacia
1457 3990 1520 4040 tac·

566 4091 630 4140 tum
651 4079 811 4152 hominem,
832 4083 885 4162 qui
901 4090 948 4142 tot
969 4082 1009 4142 ab
1029 4083 1115 4142 annm
1137 4082 1261 4142 liberam
1281 4100 1386 4142 vocem
1407 4076 1520 4138 nullam

567 4176 734 4249 audiverat,
748 4197 806 4237 non
823 4177 953 4238 maiae
965 4177 1077 4250 voltus,
1094 4199 1183 4260 quem
1200 4178 1350 4249 induerat,
1362 4173 1519 4256 equaliu-

566 4283 647 4342 tem3
676 4275 741 4346 ted,
772 4295 944 4357 quanquam
975 4295 1109 4338 aerenum
1142 4276 1354 4359 placidumque
1383 4271 1519 4352 fingeret,

566 4372 792 4434 commotionem
808 4374 900 4434 animi
913 4373 1519 4457 prodidise.1ioepondit‘sibiquoque
