3300 5225
360 574 450 649 uta
843 592 878 641 r.
905 592 1002 645 ιινιι

476 733 645 815 avisque
660 735 830 795 manmima
850 742 882 796 ct
896 734 1042 797 trmsdita
1061 742 1106 797 est
1125 734 1279 815 cogitatio.
1320 732 1391 795 Jam
1406 734 1482 807 olim

377 833 431 886 Cic
443 833 475 883 de
524 832 785 911 indignelerimus,
801 832 945 905 Romani,
965 833 1045 915 quod
1060 835 1147 893 rebus
1160 834 1295 893 omnibus
1314 854 1411 914 pares,
1425 854 1481 895 nu·

304 912 308 919 ¹
360 900 421 1015 H‘J
413 900 511 965 ’Μ
523 929 782 1010 memineritisque
795 932 969 1011 superiores,
980 930 1147 1011 quippequi
1160 935 1260 991 tanto¹
1271 930 1337 1008 jam
1348 940 1482 1011 tempore

360 1030 512 1081 Velio-1⁶·
523 1026 674 1109 duplicem
692 1048 846 1087 numerum
865 1028 992 1087 militurn
1013 1028 1051 1088 ad
1072 1029 1171 1088 omnia
1191 1026 1273 1087 bella
1291 1029 1481 1107 praebuimus,

522 1124 566 1184 ita
583 1124 758 1203 negligimur
778 1144 798 1183 a
816 1126 902 1185 vobis
922 1134 1013 1235 atque
1033 1126 1256 1185 contemnimur.
1299 1123 1396 1201 Igitur
1413 1144 1482 1204 quae

523 1241 601 1283 nunc
618 1221 657 1282 de
674 1220 919 1283 communicando
931 1222 1018 1283 sociis
1032 1224 1103 1301 jure
1118 1230 1262 1302 tanquam
1276 1220 1418 1281 inauditae
1430 1241 1483 1281 au·

522 1318 618 1381 daciae
635 1319 727 1381 rerba
746 1320 934 1391 aversamini,
955 1340 992 1381 ea
1007 1322 1074 1401 jam
1093 1328 1160 1379 ante
1179 1318 1324 1379 ducentos
1342 1338 1434 1378 annos
1451 1318 1482 1379 in

358 1416 723 1493 15„,1„,gcuriavestra
739 1425 909 1477 sonuerunt.
952 1416 995 1477 Et
1007 1436 1179 1497 quanquam
1192 1436 1229 1477 eo
1248 1424 1394 1495 tempore,
1411 1435 1482 1477 curn

524 1514 628 1595 paucis
648 1512 749 1574 Italiae
769 1513 886 1595 populis
903 1514 991 1575 sociis
1010 1514 1176 1585 uteremini,
1196 1512 1360 1573 mediocres
1369 1522 1482 1575 'eorum
1506 1587 1511 1595 Ι

522 1632 596 1693 opes
608 1612 746 1692 fregistis,
758 1611 885 1673 subinde
898 1620 998 1691 tamen
1011 1620 1116 1694 postea
1128 1610 1258 1691 querela
1271 1608 1382 1671 auditas
1400 1619 1482 1683 sunt,

522 1718 555 1771 et
567 1709 716 1771 interdum
727 1709 855 1771 consilia
869 1720 969 1791 capta
985 1773 989 1787 ¹
1013 1710 1056 1770 Et
1070 1728 1108 1769 nc
1127 1709 1244 1789 longius
1261 1709 1414 1780 abeamus,
1427 1727 1481 1789 pa·

524 1818 602 1869 trum
614 1816 778 1869 nostrorum
790 1808 932 1869 memoria
944 1806 1017 1888 quid
1035 1807 1141 1867 mentis
1154 1805 1358 1873 Italiae.luerit
1370 1804 1482 1885 plenia-

357 1931 508 1999 θυμω,
525 1905 598 1966 sime
613 1906 716 1965 essetis
732 1906 860 1985 experti,
880 1906 936 1965 nisi
948 1925 1011 1967 rem
1024 1904 1154 1965 nondum
1167 1912 1314 1965 maturam
1328 1901 1481 1982 Fregella7

525 2022 629 2061 norum
642 2002 792 2061 festinatio
805 2000 992 2083 prodidisset.

566 2105 619 2161 1³.
641 2107 651 2135 ‘
667 2097 774 2159 Hodie
787 2119 857 2159 vero
870 2119 929 2159 non
944 2100 1029 2159 unius
1040 2098 1156 2180 oppidi,
1176 2118 1212 2157 ne
1235 2116 1397 2179 paucamm
1414 2096 1481 2177 qui·

523 2194 592 2255 dem
609 2196 778 2267 civitatum,
798 2196 852 2257 sed
874 2194 974 2257 ltaliae
999 2194 1112 2274 legatos
1133 2194 1253 2266 auditis,
1274 2192 1408 2255 Deorum
1427 2194 1481 2261 boa

523 2293 693 2373 mirumque
711 2293 896 2353 obtestantes
914 2291 1015 2364 fidem,
1029 2302 1063 2351 ut
1080 2290 1240 2373 aliquando
1258 2290 1428 2371 temperetis
1442 2290 1483 2350 ab

524 2388 647 2468 injuria,
670 2397 702 2449 et
721 2388 760 2448 ad
783 2389 943 2449 utilitatem
966 2398 1027 2448 tum
1048 2398 1155 2449 ceterae
1177 2387 1289 2459 Italic,
1307 2398 1370 2449 tum
1389 2387 1481 2447 etiam

524 2493 655 2547 vestram
682 2487 832 2567 vestrique
856 2486 971 2567 imperii
996 2486 1134 2566 urbisque
1156 2485 1281 2547 salutem
1304 2484 1482 2565 respicis&

523 2582 645 2664 quando
656 2604 705 2645 res
721 2584 752 2644 in
774 2604 844 2644 eum
857 2591 966 2644 statum
979 2581 1112 2654 devenit,
1126 2591 1161 2643 ut
1180 2604 1239 2644 una
1258 2582 1323 2644 haec
1337 2579 1422 2642 vobis
1442 2578 1483 2644 sit

524 2681 556 2741 in
574 2682 730 2762 presentia
746 2680 933 2752 deliberatio,
950 2688 1089 2740 utrumne
1110 2682 1191 2740 cives
1208 2681 1272 2740 sitis
1295 2699 1349 2740 nos
1372 2675 1481 2750 Italos,

524 2797 564 2838 aa
584 2799 656 2840 vero
675 2779 775 2840 bmtes
796 2778 937 2840 babituri.
985 2777 1096 2858 Neque
1119 2787 1164 2838 est
1184 2787 1218 2838 ut
1240 2778 1279 2838 ad
1299 2777 1364 2836 baec
1388 2775 1483 2837 verba

523 2876 755 2949 tumultuemini,
772 2876 894 2937 Patres.
938 2875 1087 2947 Liberam,
1108 2875 1163 2936 sed
1184 2896 1285 2938 veram
1302 2893 1406 2936 vocem
1425 2893 1481 2934 au·
1522 2907 1525 2910 ·

524 2972 620 3044 distis,
631 2993 728 3054 neque
741 2973 905 3053 indignam,
917 2982 970 3034 aut
983 2973 1028 3034 lris
1041 2995 1164 3054 quorum
1174 2975 1290 3036 nomine
1304 2972 1412 3034 emissa
1423 2981 1481 3044 est,

524 3071 634 3130 acthis
647 3071 727 3152 apud
740 3091 816 3152 quos
828 3071 956 3152 prolata.

567 3174 615 3227 14.
637 3177 647 3203 ‘
662 3167 746 3234 Quid
760 3169 838 3228 euim
852 3169 880 3228 in
901 3169 986 3229 nobis
1002 3177 1058 3239 est,
1077 3169 1162 3248 cujus
1175 3168 1382 3228 communione
1395 3166 1481 3248 qussi

525 3263 620 3344 pollui
641 3264 771 3325 credatis
789 3275 917 3326 vestram
938 3267 1101 3336 civitatem,
1121 3265 1276 3325 Romanii
1327 3263 1428 3324 Natos
1448 3264 1480 3322 in

524 3360 630 3421 eadem
652 3360 757 3434 Italia,
781 3362 885 3422 iisdem
915 3364 1064 3423 institutos
1093 3362 1274 3442 eductosque
1295 3363 1426 3421 moribus
1448 3369 1482 3426 et

524 3458 647 3530 artibus,
661 3460 727 3540 pari
740 3481 794 3519 usu
807 3459 931 3532 militias,
941 3461 992 3540 qui
1006 3469 1038 3520 et
1050 3480 1103 3540 pro
1116 3459 1201 3518 vobis
1214 3469 1275 3518 tarn
1288 3457 1339 3518 diu
1354 3458 1482 3524 feliciter

524 3555 729 3634 pugnavimus,
744 3566 785 3628 et,
799 3557 825 3616 si
837 3578 988 3618 necessum
1006 3559 1045 3618 sit
1064 3557 1158 3637 (quod
1172 3555 1389 3638 abominamur)
1408 3580 1480 3622 con-

524 3661 573 3712 tra
588 3672 642 3713 vos
659 3654 817 3734 pugnaturi
834 3675 945 3726 smnus,
961 3674 1019 3714 non
1040 3654 1227 3735 anteponetis
1242 3655 1396 3736 mancipiis
1413 3679 1480 3718 ves-

524 3743 588 3820 t'ris,
602 3770 619 3808 e
633 3751 740 3829 quibus
755 3753 824 3831 jure
838 3751 1069 3812 manumissionis
1083 3752 1164 3812 cives
1178 3749 1334 3812 Romanos
1346 3755 1482 3834 quisquis

524 3845 621 3906 voluit
633 3847 724 3908 seciti
767 3848 846 3908 Pieri
868 3870 926 3909 uon
945 3859 1052 3930 potest,
1073 3858 1107 3909 ut
1119 3850 1195 3909 hanc
1209 3849 1413 3928 indignitatem
1427 3854 1480 3932 qui

526 3945 655 4024 abjicere
675 3956 808 4027 possunt,
829 3947 940 4009 diutius
957 3946 1063 4008 ferant.
1107 3947 1159 4007 Ne
1179 3957 1286 4007 natura
1299 3947 1418 4027 quidem
1433 3969 1480 4009 re-

526 4062 591 4101 rum
613 4044 694 4116 sinit,
713 4055 747 4104 ut
767 4044 798 4104 in
818 4045 932 4125 aequali
950 4046 1068 4106 virtutis
1087 4053 1176 4124 atque
1201 4042 1346 4106 libertatis
1366 4044 1480 4118 indole,

527 4137 580 4198 alii
592 4137 778 4202 dominentur
793 4153 946 4222 perpetuo,
960 4141 1012 4202 alii
1026 4143 1173 4202 serviant:
1195 4151 1226 4201 et
1241 4143 1292 4223 qui
1306 4145 1366 4202 vim
1379 4142 1481 4207 facere

526 4237 628 4298 conati
639 4250 719 4310 sunt,
732 4259 829 4320 neque
847 4238 1041 4320 tranquillum
1059 4241 1214 4322 imperium
1228 4261 1368 4321 unquam,
1382 4261 1479 4321 nequa

527 4342 641 4394 certum
657 4335 710 4396 diu
723 4336 900 4397 babuerunt.

717 4507 729 4554 1
749 4501 929 4557 omittebatur
940 4504 1055 4570 riquila
1068 4504 1129 4558 edd.
1141 4511 1202 4558 ante
1213 4505 1291 4558 Cres.
