3300 5225
412 589 517 642 nrrnr
541 589 623 642 xor.
646 577 989 644 errrnanrrirrrruu.⁴
1099 585 1102 603 ·
1159 577 1246 644 mr

170 741 223 798 28.
245 734 379 818 Quippe,
392 743 459 818 poet
470 735 649 798 remissam
662 735 750 818 Sylla
762 735 953 816 legationem,
962 735 1085 819 (lappa-

128 833 248 896 dociam
255 833 466 906 Ariobarzani,
478 834 898 914 ntijussnseratreetituerat.
923 833 1002 896 cum
1010 835 1086 896 alios

128 939 262 992 oratores
271 929 417 992 scribendi
427 930 545 992 loederis
555 951 646 993 musa
654 931 786 992 Romam
796 931 1086 1012 ablegasset,iternrn

128 1036 255 1110 spe'sua
268 1027 424 1089 frustratus
441 1037 498 1101 est,
519 1027 602 1110 qnia,
615 1039 730 1090 mortuo
737 1029 804 1108 jam
819 1027 918 1111 Sylla,
931 1029 1085 1108 magistra-

129 1134 183 1186 tus
192 1123 330 1187 civilibus
341 1125 435 1186 turbis
452 1125 587 1207 impediti
604 1127 643 1188 de
658 1146 695 1188 eo
707 1127 896 1206 negotionou
910 1126 1085 1188 retulerunt.

131 1221 232 1302 Igitur
246 1221 440 1283 Mithridates
452 1223 573 1284 ultionis
584 1223 720 1307 cupidus,
733 1231 765 1284 et
782 1223 840 1283 sibi
853 1222 951 1284 adhuc
961 1222 1085 1294 diffisus,

130 1317 292 1398 'ligrnnern
304 1319 463 1390 subomatr
486 1318 603 1381 facilius
619 1319 846 1400 conjicientibus
854 1339 916 1380 rem
927 1318 1086 1394 Romanu,

129 1433 224 1495 quam
237 1414 277 1475 ud
297 1414 511 1496 prohibendum
527 1416 650 1498 paratis.
685 1415 746 1477 Ille
764 1415 991 1498 Cappadociam
1003 1415 1087 1478 velut

130 1507 273 1592 indagine
291 1513 421 1574 cinctam
434 1513 601 1586 evacuavit,
614 1515 731 1576 abactis
749 1515 900 1575 hominnm
912 1513 1005 1575 imme
1026 1524 1086 1592 tre-

129 1611 228 1672 centis
237 1609 379 1683 millibus,
392 1619 424 1672 et
435 1612 558 1673 urbibus
569 1610 753 1673 Graeanicis
765 1611 923 1673 duodecim
935 1615 1086 1676 evmtatis.

131 1703 206 1766 Hos
217 1707 248 1767 in
268 1706 530 1790 Mesopotamiam,
545 1709 623 1788 agris
630 1711 723 1789 juxta
733 1707 977 1788 Tigranocertam
990 1709 1030 1770 ad
1042 1711 1086 1770 in-
1115 1711 1195 1764 surb.
1207 1727 1249 1765 ¹1·

129 1800 291 1866 colendum
303 1799 464 1879 attributis,
477 1805 640 1878 transtulit,
649 1807 861 1886 'maj0remqne
880 1814 995 1887 partem
1007 1807 1089 1867 urbis
1098 1782 1152 1891 {1¹⁶
1153 1782 1250 1908 πο.

130 1921 172 1962 ex
183 1921 219 1964 eo
231 1921 338 1981 genere
351 1901 560 1984 hequentavit.
602 1901 691 1990 Oura
703 1903 922 1964 enimhahebat
933 1923 987 1964 rex
999 1902 1087 1984 longe
1100 1917 1208 1984 Apptrn.

130 1999 367 2080 superbissimus,
388 2008 422 2061 ut
442 2001 523 2073 urbe,
541 2001 593 2061 ubi
608 2001 664 2061 sibi
677 2000 816 2061 diadema
827 1999 981 2061 Armenia
994 1987 1088 2082 impo-

130 2105 243 2170 suerat,
258 2115 408 2178 quamque
426 2096 465 2157 de
484 2115 538 2157 seo
556 2097 674 2158 nornine
688 2096 823 2158 voluerat
834 2096 991 2178 appellari,
1004 2117 1088 2178 mag·

130 2190 354 2254 nifioertnsno
370 2212 518 2254 murorum
535 2193 662 2266 ambitu,
680 2193 871 2273 maximaque
888 2194 1040 2254 hominum
1057 2202 1090 2256 et

131 2287 327 2350 edificiorum
338 2287 528 2350 multitudine
538 2297 701 2350 ornaretur.
736 2288 818 2350 Hac
828 2289 1013 2351 dissimulare
1020 2288 1088 2351 Ro·

130 2405 237 2447 manos
249 2405 308 2447 non
318 2375 444 2448 externa
455 2394 570 2448 tanturm
579 2385 673 2459 bella,
686 2383 740 2446 sed
752 2383 843 2446 etiam
854 2386 960 2447 urbani
979 2395 1088 2460 motus,

131 2488 304 2562 aot-gerunt.

171 2583 225 2641 29.
247 2575 298 2641 De
310 2579 474 2653 tribunatu,
492 2580 579 2660 eujus
599 2597 716 2641 omnem
731 2576 793 2640 iere
810 2587 989 2661 potestatem
1000 2578 1090 2664 Sylla

130 2676 315 2749 extinxerat,
336 2678 517 2739 certabatur.
559 2674 659 2749 Nam,
670 2676 724 2737 iblo
738 2686 865 2751 mortuo,
879 2677 1088 2761 plerorumque

130 2774 226 2836 erecti
239 2774 331 2835 animi
343 2772 471 2847 fuerant,
485 2774 651 2834 restitutum
664 2774 700 2834 iri
713 2776 767 2855 jus
782 2776 885 2856 populi
897 2778 1089 2857 sperantium,
1116 2780 1175 2859 εει).
1186 2778 1253 2832 Hira

131 2871 189 2932 aar
203 2868 945 2953 ocmrnaasyrreenarneraanuea.
976 2844 1253 2959 mer-ffllgg?

130 2970 191 3030 mis
205 2968 316 3030 deinde
333 2968 513 3041 consulibus,
532 2977 639 3048 agente
659 2967 695 3029 L.
715 2966 830 3030 Sicinio
847 2970 966 3031 tribuno
982 2968 1088 3053 plebis,
1099 2975 1135 3051 pl·
1160 2974 1251 3051 aeon.

129 3066 364 3129 tumultuatum:
386 3068 469 3148 isque
482 3067 582 3128 statim
591 3086 659 3127 cunr
670 3062 712 3127 D.
728 3066 824 3128 Bruto
836 3075 870 3128 et
880 3066 1004 3129 AEmilio
1018 3068 1089 3129 Ma·
1099 3055 1127 3089 ¹¹¹
1138 3038 1201 3089 Drr.

129 3183 235 3225 mereo
247 3164 344 3245 impar
355 3162 469 3236 luisset,
480 3182 550 3225 cum
567 3162 683 3225 acriore
698 3164 774 3235 viro,
788 3162 929 3236 Curione,
942 3165 1023 3225 malo
1035 3186 1089 3227 suo

129 3260 461 3333 latmoonrmiseuseet.
1100 3234 1256 3353 cogam*

173 3364 227 3419 m.
248 3356 450 3420 Vehementer
462 3378 531 3419 eum
543 3358 704 3421 accersebat
717 3356 822 3431 Curio,
833 3366 867 3418 ut
878 3367 945 3420 erat
955 3359 983 3420 ei
995 3379 1090 3421 sermo
1116 3340 1123 3355 ’
1172 3381 1196 3419 e.
1208 3370 1251 3417 tu.
1291 3440 1298 3453 Ο
1426 3348 1429 3351 ⁴
1526 3350 1534 3363 “

106 3490 113 3503 ι
130 3452 307 3537 splendidus
319 3464 352 3516 et
360 3454 506 3537 copiosas,
519 3453 602 3535 quod
623 3462 632 3491 ‘
644 3453 818 3535 reipublice
831 3456 883 3515 rix
897 3476 914 3515 e
927 3455 1018 3517 mnus
1026 3454 1089 3517 cla·

131 3552 226 3614 dibus
238 3554 404 3634 respiranti,
415 3553 513 3615 denuo
523 3537 657 3613 ciuilium
666 3551 813 3615 bellorum
823 3562 934 3625 metum
945 3553 1090 3613 intestinae

131 3648 290 3711 reditionis
307 3650 359 3712 lax
377 3658 409 3712 et
427 3659 530 3713 auctor
549 3648 731 3711 admoveret.
772 3650 871 3717 Queri
888 3650 967 3710 enim
986 3670 1090 3731 perum

133 3745 255 3808 molesti
274 3746 432 3829 Perperna
450 3766 488 3809 sc
508 3745 656 3808 Sertorius
680 3746 795 3818 lorent3
822 3747 909 3827 quari
929 3748 1092 3808 nesciretur

133 3862 204 3925 quer
232 3842 429 3916 Mithridatis,
455 3862 524 3925 quta
547 3842 684 3923 Tigranis
706 3850 804 3904 essent
825 3841 968 3912 musiliar
1004 3844 1090 3923 quasi

135 3940 350 4002 Macedoniam
372 3949 404 4002 et
422 3939 573 4002 Achaiam
591 3939 785 4003 a‘lhracibus
804 3939 939 4012 lacerari,
958 3938 1031 3999 nihil
1050 3938 1090 3999 ad

133 4038 351 4120 rempublicam
366 4038 546 4121 pertinereta
567 4038 611 4099 ita
629 4058 723 4100 novos
736 4037 862 4099 subinde
881 4039 911 4097 in
925 4038 990 4118 ipsa
1004 4036 1090 4096 Urbe
1223 4108 1230 4115 ι

133 4136 247 4197 exoriri
260 4135 373 4198 cinnas
385 4144 475 4218 atque
490 4134 616 4209 Marios,
629 4138 681 4217 qui
700 4136 808 4197 saevius
823 4154 913 4217 quam
926 4133 979 4194 ulli
991 4134 1091 4195 hostes

133 4234 288 4296 civitatem
312 4242 424 4297 vexent
448 4242 651 4314 premantque.
694 4220 818 4295 Scilicet
837 4234 916 4292 hune
944 4231 1089 4292 Sicinium

135 4330 224 4413 apud,
240 4328 335 4392 levem
354 4340 385 4391 et
401 4328 572 4391 seditiosam
590 4331 705 4391 turbam
726 4331 790 4411 ipso
805 4329 925 4390 homine
941 4326 1089 4389 lavorabi-

136 4425 209 4503 lem,
223 4426 305 4489 haud
318 4428 415 4493 miuus
427 4428 578 4489 turbarum
589 4426 726 4489 daturum
742 4426 837 4500 credi,
854 4446 943 4509 quarn
957 4426 1090 4507 antiquis
