<?xml version="1.0" encoding="UTF-8"?>
<!DOCTYPE html PUBLIC "-//W3C//DTD XHTML 1.0 Transitional//EN"
    "http://www.w3.org/TR/xhtml1/DTD/xhtml1-transitional.dtd">
<html xmlns="http://www.w3.org/1999/xhtml" xml:lang="en" lang="en">
 <head>
  <title>
</title>
<meta http-equiv="Content-Type" content="text/html;charset=utf-8" />
  <meta name='ocr-system' content='tesseract 3.04.00' />
  <meta name='ocr-capabilities' content='ocr_page ocr_carea ocr_par ocr_line ocrx_word'/>
</head>
<body>
  <div class='ocr_page' id='page_1' title='image "./tliviipatavinih01rupegoog_0050.png"; bbox 0 0 3300 5225; ppageno 0'>
   <div class='ocr_carea' id='block_1_1' title="bbox 382 588 1047 664">
    <p class='ocr_par' dir='ltr' id='par_1_1' title="bbox 382 588 1047 664">
     <span class='ocr_line' id='line_1_1' title="bbox 382 588 1047 664; baseline 0.009 -6"><span class='ocrx_word' id='word_1_1' title='bbox 382 588 472 659; x_wconf 77' lang='lat'><strong>⁴4⁷6</strong></span> <span class='ocrx_word' id='word_1_2' title='bbox 755 599 758 608; x_wconf 85' lang='lat'><em>&#39;</em></span> <span class='ocrx_word' id='word_1_3' title='bbox 867 609 902 658; x_wconf 81' lang='lat' dir='ltr'><strong>n.</strong></span> <span class='ocrx_word' id='word_1_4' title='bbox 927 609 1047 664; x_wconf 74' lang='lat' dir='ltr'><strong>nivrt‘</strong></span> 
     </span>
    </p>
   </div>
   <div class='ocr_carea' id='block_1_2' title="bbox 383 748 1502 1223">
    <p class='ocr_par' dir='ltr' id='par_1_2' title="bbox 383 748 1502 1223">
     <span class='ocr_line' id='line_1_2' title="bbox 549 748 1501 836; baseline 0.003 -24"><span class='ocrx_word' id='word_1_5' title='bbox 549 748 693 812; x_wconf 85' lang='lat' dir='ltr'><strong>rebellare</strong></span> <span class='ocrx_word' id='word_1_6' title='bbox 715 755 878 834; x_wconf 71' lang='lat' dir='ltr'><strong>coeperant)</strong></span> <span class='ocrx_word' id='word_1_7' title='bbox 900 752 937 814; x_wconf 77' lang='lat' dir='ltr'><strong>L.</strong></span> <span class='ocrx_word' id='word_1_8' title='bbox 961 752 1074 815; x_wconf 91' lang='lat' dir='ltr'><strong>Porcio</strong></span> <span class='ocrx_word' id='word_1_9' title='bbox 1098 753 1217 836; x_wconf 67' lang='lat' dir='ltr'><strong>praetori</strong></span> <span class='ocrx_word' id='word_1_10' title='bbox 1240 753 1394 836; x_wconf 81' lang='lat' dir='ltr'><strong>provincia</strong></span> <span class='ocrx_word' id='word_1_11' title='bbox 1416 753 1501 817; x_wconf 81' lang='lat' dir='ltr'><strong>date.</strong></span> 
     </span>
     <span class='ocr_line' id='line_1_3' title="bbox 549 846 1502 932; baseline 0.006 -24"><span class='ocrx_word' id='word_1_12' title='bbox 549 846 628 908; x_wconf 81' lang='lat' dir='ltr'><strong>Cum</strong></span> <span class='ocrx_word' id='word_1_13' title='bbox 641 855 766 930; x_wconf 86' lang='lat' dir='ltr'><strong>utroque</strong></span> <span class='ocrx_word' id='word_1_14' title='bbox 785 849 898 932; x_wconf 89' lang='lat' dir='ltr'><strong>populo</strong></span> <span class='ocrx_word' id='word_1_15' title='bbox 909 851 1001 930; x_wconf 72' lang='lat' dir='ltr'><strong>signin</strong></span> <span class='ocrx_word' id='word_1_16' title='bbox 1010 850 1130 912; x_wconf 83' lang='lat' dir='ltr'><strong>coiiatin</strong></span> <span class='ocrx_word' id='word_1_17' title='bbox 1148 850 1342 912; x_wconf 73' lang='lat' dir='ltr'><strong>dimicantium:</strong></span> <span class='ocrx_word' id='word_1_18' title='bbox 1363 852 1502 924; x_wconf 80' lang='lat' dir='ltr'><strong>victoria,</strong></span> 
     </span>
     <span class='ocr_line' id='line_1_4' title="bbox 546 946 1501 1028; baseline 0.007 -25"><span class='ocrx_word' id='word_1_19' title='bbox 546 962 606 1004; x_wconf 88' lang='lat' dir='ltr'><strong>non</strong></span> <span class='ocrx_word' id='word_1_20' title='bbox 625 946 779 1006; x_wconf 85' lang='lat' dir='ltr'><strong>incruenta</strong></span> <span class='ocrx_word' id='word_1_21' title='bbox 791 955 904 1018; x_wconf 84' lang='lat' dir='ltr'><strong>tamen,</strong></span> <span class='ocrx_word' id='word_1_22' title='bbox 923 967 1014 1028; x_wconf 82' lang='lat' dir='ltr'><strong>perrea</strong></span> <span class='ocrx_word' id='word_1_23' title='bbox 1027 947 1182 1008; x_wconf 72' lang='lat' dir='ltr'><strong>Romam</strong></span> <span class='ocrx_word' id='word_1_24' title='bbox 1196 947 1264 1009; x_wconf 85' lang='lat' dir='ltr'><strong>fuit.</strong></span> <span class='ocrx_word' id='word_1_25' title='bbox 1305 947 1353 1008; x_wconf 87' lang='lat' dir='ltr'><strong>At</strong></span> <span class='ocrx_word' id='word_1_26' title='bbox 1369 957 1501 1021; x_wconf 77' lang='lat' dir='ltr'><strong>cenatur,</strong></span> 
     </span>
     <span class='ocr_line' id='line_1_5' title="bbox 545 1044 1500 1128; baseline 0.004 -26"><span class='ocrx_word' id='word_1_27' title='bbox 545 1061 615 1103; x_wconf 90' lang='lat' dir='ltr'><strong>cum</strong></span> <span class='ocrx_word' id='word_1_28' title='bbox 627 1045 696 1105; x_wconf 85' lang='lat' dir='ltr'><strong>novi</strong></span> <span class='ocrx_word' id='word_1_29' title='bbox 711 1044 836 1105; x_wconf 83' lang='lat' dir='ltr'><strong>subinde</strong></span> <span class='ocrx_word' id='word_1_30' title='bbox 852 1046 951 1106; x_wconf 79' lang='lat' dir='ltr'><strong>booten</strong></span> <span class='ocrx_word' id='word_1_31' title='bbox 961 1045 1000 1105; x_wconf 94' lang='lat' dir='ltr'><strong>de</strong></span> <span class='ocrx_word' id='word_1_32' title='bbox 1011 1046 1161 1106; x_wconf 73' lang='lat' dir='ltr'><strong>veteribus</strong></span> <span class='ocrx_word' id='word_1_33' title='bbox 1172 1046 1260 1106; x_wconf 80' lang='lat' dir='ltr'><strong>nociin</strong></span> <span class='ocrx_word' id='word_1_34' title='bbox 1272 1045 1435 1128; x_wconf 78' lang='lat' dir='ltr'><strong>prodirent,</strong></span> <span class='ocrx_word' id='word_1_35' title='bbox 1451 1067 1500 1118; x_wconf 92' lang='lat' dir='ltr'><strong>ne,</strong></span> 
     </span>
     <span class='ocr_line' id='line_1_6' title="bbox 383 1141 1501 1223; baseline 0.005 -27"><span class='ocrx_word' id='word_1_36' title='bbox 383 1145 490 1214; x_wconf 72' lang='lat' dir='ltr'><strong>Appia.</strong></span> <span class='ocrx_word' id='word_1_37' title='bbox 546 1141 599 1220; x_wconf 91' lang='lat' dir='ltr'><strong>qui</strong></span> <span class='ocrx_word' id='word_1_38' title='bbox 619 1141 718 1202; x_wconf 87' lang='lat' dir='ltr'><strong>adbuc</strong></span> <span class='ocrx_word' id='word_1_39' title='bbox 738 1143 768 1202; x_wconf 88' lang='lat' dir='ltr'><strong>in</strong></span> <span class='ocrx_word' id='word_1_40' title='bbox 785 1141 846 1202; x_wconf 86' lang='lat' dir='ltr'><strong>fide</strong></span> <span class='ocrx_word' id='word_1_41' title='bbox 866 1143 1064 1223; x_wconf 78' lang='lat' dir='ltr'><strong>perstiterant,</strong></span> <span class='ocrx_word' id='word_1_42' title='bbox 1087 1141 1193 1202; x_wconf 85' lang='lat' dir='ltr'><strong>iirdem</strong></span> <span class='ocrx_word' id='word_1_43' title='bbox 1213 1144 1312 1202; x_wconf 76' lang='lat' dir='ltr'><strong>cauria</strong></span> <span class='ocrx_word' id='word_1_44' title='bbox 1325 1143 1363 1202; x_wconf 89' lang='lat' dir='ltr'><strong>ad</strong></span> <span class='ocrx_word' id='word_1_45' title='bbox 1382 1163 1429 1203; x_wconf 83' lang='lat' dir='ltr'><strong>rer</strong></span> <span class='ocrx_word' id='word_1_46' title='bbox 1447 1162 1501 1206; x_wconf 87' lang='lat' dir='ltr'><strong>no·</strong></span> 
     </span>
    </p>
   </div>
   <div class='ocr_carea' id='block_1_3' title="bbox 396 1333 1502 1611">
    <p class='ocr_par' dir='ltr' id='par_1_3' title="bbox 396 1333 1502 1611">
     <span class='ocr_line' id='line_1_7' title="bbox 546 1333 1502 1419; baseline 0.004 -25"><span class='ocrx_word' id='word_1_47' title='bbox 546 1333 604 1394; x_wconf 83' lang='lat' dir='ltr'><strong>ruli</strong></span> <span class='ocrx_word' id='word_1_48' title='bbox 617 1335 748 1396; x_wconf 78' lang='lat' dir='ltr'><strong>serendae</strong></span> <span class='ocrx_word' id='word_1_49' title='bbox 762 1335 836 1415; x_wconf 79' lang='lat' dir='ltr'><strong>legis</strong></span> <span class='ocrx_word' id='word_1_50' title='bbox 847 1336 917 1407; x_wconf 81' lang='lat' dir='ltr'><strong>tuit,</strong></span> <span class='ocrx_word' id='word_1_51' title='bbox 939 1338 1067 1416; x_wconf 85' lang='lat' dir='ltr'><strong>‘utqui</strong></span> <span class='ocrx_word' id='word_1_52' title='bbox 1087 1336 1129 1397; x_wconf 86' lang='lat' dir='ltr'><strong>ad</strong></span> <span class='ocrx_word' id='word_1_53' title='bbox 1145 1358 1213 1398; x_wconf 86' lang='lat' dir='ltr'><strong>eam</strong></span> <span class='ocrx_word' id='word_1_54' title='bbox 1229 1337 1312 1398; x_wconf 90' lang='lat' dir='ltr'><strong>diem</strong></span> <span class='ocrx_word' id='word_1_55' title='bbox 1329 1337 1434 1419; x_wconf 86' lang='lat' dir='ltr'><strong>populi</strong></span> <span class='ocrx_word' id='word_1_56' title='bbox 1445 1357 1502 1418; x_wconf 89' lang='lat' dir='ltr'><strong>per</strong></span> 
     </span>
     <span class='ocr_line' id='line_1_8' title="bbox 547 1430 1500 1516; baseline 0.006 -25"><span class='ocrx_word' id='word_1_57' title='bbox 547 1430 670 1492; x_wconf 86' lang='lat' dir='ltr'><strong>Italiam</strong></span> <span class='ocrx_word' id='word_1_58' title='bbox 687 1436 758 1514; x_wconf 87' lang='lat' dir='ltr'><strong>jura</strong></span> <span class='ocrx_word' id='word_1_59' title='bbox 771 1433 888 1494; x_wconf 83' lang='lat' dir='ltr'><strong>foederin</strong></span> <span class='ocrx_word' id='word_1_60' title='bbox 902 1433 1034 1494; x_wconf 88' lang='lat' dir='ltr'><strong>Romani</strong></span> <span class='ocrx_word' id='word_1_61' title='bbox 1047 1444 1151 1495; x_wconf 79' lang='lat' dir='ltr'><strong>nancta</strong></span> <span class='ocrx_word' id='word_1_62' title='bbox 1169 1445 1259 1516; x_wconf 82' lang='lat' dir='ltr'><strong>atque</strong></span> <span class='ocrx_word' id='word_1_63' title='bbox 1278 1435 1426 1498; x_wconf 77' lang='lat' dir='ltr'><strong>inviolata</strong></span> <span class='ocrx_word' id='word_1_64' title='bbox 1445 1437 1500 1497; x_wconf 87' lang='lat' dir='ltr'><strong>ha·</strong></span> 
     </span>
     <span class='ocr_line' id='line_1_9' title="bbox 396 1528 1502 1611; baseline 0.006 -24"><span class='ocrx_word' id='word_1_65' title='bbox 396 1538 526 1606; x_wconf 57' lang='lat' dir='ltr'><strong>therap.</strong></span> <span class='ocrx_word' id='word_1_66' title='bbox 546 1530 688 1602; x_wconf 78' lang='lat' dir='ltr'><strong>brrinaent,</strong></span> <span class='ocrx_word' id='word_1_67' title='bbox 702 1533 782 1592; x_wconf 80' lang='lat' dir='ltr'><strong>cives</strong></span> <span class='ocrx_word' id='word_1_68' title='bbox 800 1528 934 1592; x_wconf 73' lang='grc' dir='ltr'>Κοιιιιιιιί</span> <span class='ocrx_word' id='word_1_69' title='bbox 954 1531 1078 1608; x_wconf 79' lang='lat' dir='ltr'><strong>ficrent’</strong></span> <span class='ocrx_word' id='word_1_70' title='bbox 1120 1532 1198 1593; x_wconf 86' lang='lat' dir='ltr'><strong>Eam</strong></span> <span class='ocrx_word' id='word_1_71' title='bbox 1221 1532 1318 1611; x_wconf 78' lang='lat' dir='ltr'><strong>legem</strong></span> <span class='ocrx_word' id='word_1_72' title='bbox 1343 1533 1378 1594; x_wconf 89' lang='lat' dir='ltr'><strong>L.</strong></span> <span class='ocrx_word' id='word_1_73' title='bbox 1399 1533 1502 1595; x_wconf 78' lang='lat' dir='ltr'><strong>Julian</strong></span> 
     </span>
    </p>
   </div>
   <div class='ocr_carea' id='block_1_4' title="bbox 381 1603 1501 1719">
    <p class='ocr_par' dir='ltr' id='par_1_4' title="bbox 381 1603 1501 1719">
     <span class='ocr_line' id='line_1_10' title="bbox 381 1603 1501 1719; baseline -0.007 -20"><span class='ocrx_word' id='word_1_74' title='bbox 381 1603 519 1719; x_wconf 33' lang='lat' dir='ltr'><strong>35⁰&amp;ssoe</strong></span> <span class='ocrx_word' id='word_1_75' title='bbox 545 1628 649 1691; x_wconf 71' lang='lat' dir='ltr'><strong>consul</strong></span> <span class='ocrx_word' id='word_1_76' title='bbox 662 1649 701 1689; x_wconf 83' lang='lat' dir='ltr'><strong>ex</strong></span> <span class='ocrx_word' id='word_1_77' title='bbox 710 1630 964 1690; x_wconf 72' lang='lat' dir='ltr'><strong>senatusconsulto</strong></span> <span class='ocrx_word' id='word_1_78' title='bbox 973 1639 1006 1691; x_wconf 91' lang='lat' dir='ltr'><strong>et</strong></span> <span class='ocrx_word' id='word_1_79' title='bbox 1017 1630 1122 1712; x_wconf 90' lang='lat' dir='ltr'><strong>populi</strong></span> <span class='ocrx_word' id='word_1_80' title='bbox 1130 1633 1218 1711; x_wconf 80' lang='lat' dir='ltr'><strong>juano</strong></span> <span class='ocrx_word' id='word_1_81' title='bbox 1230 1630 1314 1691; x_wconf 79' lang='lat' dir='ltr'><strong>tulit:</strong></span> <span class='ocrx_word' id='word_1_82' title='bbox 1328 1650 1424 1712; x_wconf 89' lang='lat' dir='ltr'><strong>eaque</strong></span> <span class='ocrx_word' id='word_1_83' title='bbox 1434 1631 1501 1711; x_wconf 74' lang='lat' dir='ltr'><strong>lage</strong></span> 
     </span>
    </p>
   </div>
   <div class='ocr_carea' id='block_1_5' title="bbox 382 1725 1499 1848">
    <p class='ocr_par' dir='ltr' id='par_1_5' title="bbox 382 1725 1499 1848">
     <span class='ocr_line' id='line_1_11' title="bbox 382 1725 1499 1848; baseline 0.007 -65"><span class='ocrx_word' id='word_1_84' title='bbox 382 1733 508 1848; x_wconf 34' lang='grc' dir='ltr'><strong>ΗἈλιὶοιι.</strong></span> <span class='ocrx_word' id='word_1_85' title='bbox 545 1729 681 1787; x_wconf 84' lang='lat' dir='ltr'><strong>uuiverao</strong></span> <span class='ocrx_word' id='word_1_86' title='bbox 693 1725 791 1798; x_wconf 87' lang='lat' dir='ltr'><strong>Latio,</strong></span> <span class='ocrx_word' id='word_1_87' title='bbox 802 1735 834 1787; x_wconf 89' lang='lat' dir='ltr'><strong>et</strong></span> <span class='ocrx_word' id='word_1_88' title='bbox 846 1725 1023 1807; x_wconf 74' lang='lat' dir='ltr'><strong>quibusdam</strong></span> <span class='ocrx_word' id='word_1_89' title='bbox 1035 1727 1237 1799; x_wconf 71' lang='lat' dir='ltr'><strong>Etruscorum,</strong></span> <span class='ocrx_word' id='word_1_90' title='bbox 1245 1727 1352 1789; x_wconf 77' lang='lat' dir='ltr'><strong>civitae</strong></span> <span class='ocrx_word' id='word_1_91' title='bbox 1360 1727 1434 1788; x_wconf 88' lang='lat' dir='ltr'><strong>data</strong></span> <span class='ocrx_word' id='word_1_92' title='bbox 1442 1735 1499 1791; x_wconf 75' lang='lat' dir='ltr'><strong>cot.</strong></span> 
     </span>
    </p>
   </div>
   <div class='ocr_carea' id='block_1_6' title="bbox 380 1833 489 1929">
    <p class='ocr_par' dir='ltr' id='par_1_6' title="bbox 380 1833 489 1929">
     <span class='ocr_line' id='line_1_12' title="bbox 380 1833 489 1929; baseline 0.037 -15"><span class='ocrx_word' id='word_1_93' title='bbox 380 1833 489 1929; x_wconf 61' lang='lat' dir='ltr'><strong>ripam.</strong></span> 
     </span>
    </p>
   </div>
   <div class='ocr_carea' id='block_1_7' title="bbox 376 1822 1501 4529">
    <p class='ocr_par' dir='ltr' id='par_1_7' title="bbox 543 1822 1501 2467">
     <span class='ocr_line' id='line_1_13' title="bbox 586 1822 1501 1904; baseline -0.001 -19"><span class='ocrx_word' id='word_1_94' title='bbox 586 1830 617 1885; x_wconf 82' lang='lat'><strong>8.</strong></span> <span class='ocrx_word' id='word_1_95' title='bbox 639 1822 678 1884; x_wconf 93' lang='lat' dir='ltr'><strong>Id</strong></span> <span class='ocrx_word' id='word_1_96' title='bbox 693 1844 749 1884; x_wconf 93' lang='lat' dir='ltr'><strong>non</strong></span> <span class='ocrx_word' id='word_1_97' title='bbox 764 1825 803 1884; x_wconf 90' lang='lat' dir='ltr'><strong>ab</strong></span> <span class='ocrx_word' id='word_1_98' title='bbox 817 1823 853 1884; x_wconf 79' lang='lat' dir='ltr'><strong>iia</strong></span> <span class='ocrx_word' id='word_1_99' title='bbox 865 1823 955 1885; x_wconf 91' lang='lat' dir='ltr'><strong>modo</strong></span> <span class='ocrx_word' id='word_1_100' title='bbox 967 1825 1075 1904; x_wconf 79' lang='lat' dir='ltr'><strong>quibua</strong></span> <span class='ocrx_word' id='word_1_101' title='bbox 1087 1843 1260 1886; x_wconf 80' lang='lat' dir='ltr'><strong>conceaeum</strong></span> <span class='ocrx_word' id='word_1_102' title='bbox 1273 1833 1338 1884; x_wconf 89' lang='lat' dir='ltr'><strong>erat</strong></span> <span class='ocrx_word' id='word_1_103' title='bbox 1350 1832 1501 1904; x_wconf 74' lang='lat' dir='ltr'><strong>gratanter</strong></span> 
     </span>
     <span class='ocr_line' id='line_1_14' title="bbox 544 1920 1500 2004; baseline 0.001 -22"><span class='ocrx_word' id='word_1_104' title='bbox 544 1930 703 2002; x_wconf 81' lang='lat' dir='ltr'><strong>exceptum</strong></span> <span class='ocrx_word' id='word_1_105' title='bbox 715 1921 893 1984; x_wconf 85' lang='lat' dir='ltr'><strong>beneficium</strong></span> <span class='ocrx_word' id='word_1_106' title='bbox 905 1930 952 1983; x_wconf 85' lang='lat' dir='ltr'><strong>eet</strong></span> <span class='ocrx_word' id='word_1_107' title='bbox 959 1943 968 1992; x_wconf 71' lang='grc' dir='ltr'>ς</span> <span class='ocrx_word' id='word_1_108' title='bbox 990 1922 1043 1983; x_wconf 81' lang='lat' dir='ltr'><strong>red</strong></span> <span class='ocrx_word' id='word_1_109' title='bbox 1057 1922 1117 1983; x_wconf 80' lang='lat' dir='ltr'><strong>late</strong></span> <span class='ocrx_word' id='word_1_110' title='bbox 1129 1943 1183 2004; x_wconf 83' lang='lat' dir='ltr'><strong>per</strong></span> <span class='ocrx_word' id='word_1_111' title='bbox 1193 1943 1312 1984; x_wconf 88' lang='lat' dir='ltr'><strong>omnem</strong></span> <span class='ocrx_word' id='word_1_112' title='bbox 1322 1920 1446 1984; x_wconf 83' lang='lat' dir='ltr'><strong>Italiam</strong></span> <span class='ocrx_word' id='word_1_113' title='bbox 1458 1921 1500 1983; x_wconf 85' lang='lat' dir='ltr'><strong>ad</strong></span> 
     </span>
     <span class='ocr_line' id='line_1_15' title="bbox 543 2017 1500 2101; baseline 0.002 -23"><span class='ocrx_word' id='word_1_114' title='bbox 543 2019 670 2078; x_wconf 71' lang='lat' dir='ltr'><strong>similem</strong></span> <span class='ocrx_word' id='word_1_115' title='bbox 684 2038 767 2101; x_wconf 82' lang='lat' dir='ltr'><strong>spem</strong></span> <span class='ocrx_word' id='word_1_116' title='bbox 779 2019 877 2080; x_wconf 79' lang='lat' dir='ltr'><strong>erexit</strong></span> <span class='ocrx_word' id='word_1_117' title='bbox 887 2019 1012 2091; x_wconf 80' lang='lat' dir='ltr'><strong>ammon,</strong></span> <span class='ocrx_word' id='word_1_118' title='bbox 1030 2019 1202 2101; x_wconf 80' lang='lat' dir='ltr'><strong>populoque</strong></span> <span class='ocrx_word' id='word_1_119' title='bbox 1223 2019 1363 2080; x_wconf 85' lang='lat' dir='ltr'><strong>Romano</strong></span> <span class='ocrx_word' id='word_1_120' title='bbox 1375 2017 1500 2080; x_wconf 80' lang='lat' dir='ltr'><strong>mirifice</strong></span> 
     </span>
     <span class='ocr_line' id='line_1_16' title="bbox 543 2115 1501 2198; baseline 0 -22"><span class='ocrx_word' id='word_1_121' title='bbox 543 2115 726 2178; x_wconf 83' lang='lat' dir='ltr'><strong>conciliavit.</strong></span> <span class='ocrx_word' id='word_1_122' title='bbox 769 2115 869 2196; x_wconf 74' lang='lat' dir='ltr'><strong>Igitur</strong></span> <span class='ocrx_word' id='word_1_123' title='bbox 890 2115 995 2178; x_wconf 80' lang='lat' dir='ltr'><strong>eedem</strong></span> <span class='ocrx_word' id='word_1_124' title='bbox 1016 2135 1117 2198; x_wconf 90' lang='lat' dir='ltr'><strong>opera,</strong></span> <span class='ocrx_word' id='word_1_125' title='bbox 1139 2126 1171 2176; x_wconf 91' lang='lat' dir='ltr'><strong>et</strong></span> <span class='ocrx_word' id='word_1_126' title='bbox 1188 2116 1340 2197; x_wconf 56' lang='lat' dir='ltr'><strong>ii*quibur</strong></span> <span class='ocrx_word' id='word_1_127' title='bbox 1359 2115 1501 2177; x_wconf 70' lang='lat' dir='ltr'><strong>fidelibus</strong></span> 
     </span>
     <span class='ocr_line' id='line_1_17' title="bbox 544 2210 1500 2294; baseline 0.003 -24"><span class='ocrx_word' id='word_1_128' title='bbox 544 2210 690 2274; x_wconf 81' lang='lat' dir='ltr'><strong>hactonus</strong></span> <span class='ocrx_word' id='word_1_129' title='bbox 708 2213 797 2274; x_wconf 74' lang='lat' dir='ltr'><strong>sociis</strong></span> <span class='ocrx_word' id='word_1_130' title='bbox 815 2233 870 2274; x_wconf 83' lang='lat' dir='ltr'><strong>uon</strong></span> <span class='ocrx_word' id='word_1_131' title='bbox 887 2213 1054 2294; x_wconf 74' lang='lat' dir='ltr'><strong>respublica</strong></span> <span class='ocrx_word' id='word_1_132' title='bbox 1069 2213 1178 2284; x_wconf 84' lang='lat' dir='ltr'><strong>fuerat,</strong></span> <span class='ocrx_word' id='word_1_133' title='bbox 1198 2212 1364 2274; x_wconf 71' lang='lat' dir='ltr'><strong>firmissimo</strong></span> <span class='ocrx_word' id='word_1_134' title='bbox 1384 2213 1500 2273; x_wconf 72' lang='lat' dir='ltr'><strong>astricti</strong></span> 
     </span>
     <span class='ocr_line' id='line_1_18' title="bbox 544 2308 1499 2392; baseline 0.002 -24"><span class='ocrx_word' id='word_1_135' title='bbox 544 2308 682 2378; x_wconf 82' lang='lat' dir='ltr'><strong>vinculo;</strong></span> <span class='ocrx_word' id='word_1_136' title='bbox 704 2319 736 2370; x_wconf 87' lang='lat' dir='ltr'><strong>et</strong></span> <span class='ocrx_word' id='word_1_137' title='bbox 748 2309 799 2390; x_wconf 92' lang='lat' dir='ltr'><strong>qui</strong></span> <span class='ocrx_word' id='word_1_138' title='bbox 813 2309 999 2371; x_wconf 83' lang='lat' dir='ltr'><strong>fluctuabant</strong></span> <span class='ocrx_word' id='word_1_139' title='bbox 1011 2311 1128 2381; x_wconf 82' lang='lat' dir='ltr'><strong>retenti,</strong></span> <span class='ocrx_word' id='word_1_140' title='bbox 1142 2309 1315 2392; x_wconf 78' lang='lat' dir='ltr'>bellumque</span> <span class='ocrx_word' id='word_1_141' title='bbox 1327 2309 1499 2370; x_wconf 86' lang='lat' dir='ltr'><strong>meditanti·</strong></span> 
     </span>
     <span class='ocr_line' id='line_1_19' title="bbox 543 2405 1322 2467; baseline 0.003 -3"><span class='ocrx_word' id='word_1_142' title='bbox 543 2405 600 2464; x_wconf 82' lang='lat' dir='ltr'><strong>bun</strong></span> <span class='ocrx_word' id='word_1_143' title='bbox 612 2413 728 2466; x_wconf 86' lang='lat' dir='ltr'><strong>tantum</strong></span> <span class='ocrx_word' id='word_1_144' title='bbox 741 2426 799 2466; x_wconf 92' lang='lat' dir='ltr'><strong>non</strong></span> <span class='ocrx_word' id='word_1_145' title='bbox 812 2427 939 2467; x_wconf 75' lang='lat' dir='ltr'><strong>excursa</strong></span> <span class='ocrx_word' id='word_1_146' title='bbox 949 2405 988 2466; x_wconf 89' lang='lat' dir='ltr'><strong>dc</strong></span> <span class='ocrx_word' id='word_1_147' title='bbox 1001 2407 1138 2466; x_wconf 75' lang='lat' dir='ltr'><strong>manibus</strong></span> <span class='ocrx_word' id='word_1_148' title='bbox 1149 2417 1322 2467; x_wconf 75' lang='lat' dir='ltr'><strong>armarunt.</strong></span> 
     </span>
    </p>

    <p class='ocr_par' dir='ltr' id='par_1_8' title="bbox 449 2491 1498 2889">
     <span class='ocr_line' id='line_1_20' title="bbox 584 2491 1498 2584; baseline 0.001 -21"><span class='ocrx_word' id='word_1_149' title='bbox 584 2509 614 2563; x_wconf 84' lang='grc'><strong>9.</strong></span> <span class='ocrx_word' id='word_1_150' title='bbox 637 2499 698 2562; x_wconf 86' lang='lat' dir='ltr'><strong>Sed</strong></span> <span class='ocrx_word' id='word_1_151' title='bbox 711 2523 808 2584; x_wconf 87' lang='lat' dir='ltr'><strong>neque</strong></span> <span class='ocrx_word' id='word_1_152' title='bbox 832 2512 935 2584; x_wconf 76' lang='lat' dir='ltr'><strong>postea</strong></span> <span class='ocrx_word' id='word_1_153' title='bbox 955 2491 1032 2562; x_wconf 84' lang='lat' dir='ltr'><strong>finiri</strong></span> <span class='ocrx_word' id='word_1_154' title='bbox 1044 2503 1158 2564; x_wconf 81' lang='lat' dir='ltr'><strong>balium</strong></span> <span class='ocrx_word' id='word_1_155' title='bbox 1179 2503 1371 2563; x_wconf 74' lang='lat' dir='ltr'><strong>adiuratione</strong></span> <span class='ocrx_word' id='word_1_156' title='bbox 1388 2504 1498 2584; x_wconf 84' lang='lat' dir='ltr'><strong>potuit,</strong></span> 
     </span>
     <span class='ocr_line' id='line_1_21' title="bbox 544 2599 1497 2683; baseline 0.003 -23"><span class='ocrx_word' id='word_1_157' title='bbox 544 2620 635 2682; x_wconf 91' lang='lat' dir='ltr'><strong>qnam</strong></span> <span class='ocrx_word' id='word_1_158' title='bbox 648 2609 683 2661; x_wconf 94' lang='lat' dir='ltr'><strong>ut</strong></span> <span class='ocrx_word' id='word_1_159' title='bbox 699 2599 823 2662; x_wconf 76' lang='lat' dir='ltr'><strong>subinde</strong></span> <span class='ocrx_word' id='word_1_160' title='bbox 836 2601 873 2662; x_wconf 75' lang='lat' dir='ltr'><strong>iis</strong></span> <span class='ocrx_word' id='word_1_161' title='bbox 884 2621 1011 2682; x_wconf 87' lang='lat' dir='ltr'><strong>quorum</strong></span> <span class='ocrx_word' id='word_1_162' title='bbox 1023 2601 1119 2663; x_wconf 91' lang='lat' dir='ltr'><strong>minor</strong></span> <span class='ocrx_word' id='word_1_163' title='bbox 1136 2602 1166 2662; x_wconf 91' lang='lat' dir='ltr'><strong>in</strong></span> <span class='ocrx_word' id='word_1_164' title='bbox 1187 2599 1350 2663; x_wconf 75' lang='lat' dir='ltr'><strong>resistendo</strong></span> <span class='ocrx_word' id='word_1_165' title='bbox 1362 2603 1497 2683; x_wconf 80' lang='lat' dir='ltr'><strong>pervica-</strong></span> 
     </span>
     <span class='ocr_line' id='line_1_22' title="bbox 543 2696 1498 2779; baseline 0.001 -20"><span class='ocrx_word' id='word_1_166' title='bbox 543 2698 591 2759; x_wconf 89' lang='lat' dir='ltr'><strong>cia</strong></span> <span class='ocrx_word' id='word_1_167' title='bbox 604 2696 719 2769; x_wconf 76' lang='lat' dir='ltr'><strong>fuerat3</strong></span> <span class='ocrx_word' id='word_1_168' title='bbox 734 2707 798 2758; x_wconf 90' lang='lat' dir='ltr'><strong>tum</strong></span> <span class='ocrx_word' id='word_1_169' title='bbox 811 2700 975 2779; x_wconf 78' lang='lat' dir='ltr'><strong>promiscue</strong></span> <span class='ocrx_word' id='word_1_170' title='bbox 985 2698 1073 2759; x_wconf 79' lang='lat' dir='ltr'><strong>aociia</strong></span> <span class='ocrx_word' id='word_1_171' title='bbox 1085 2699 1221 2759; x_wconf 78' lang='lat' dir='ltr'><strong>omnibus</strong></span> <span class='ocrx_word' id='word_1_172' title='bbox 1234 2698 1362 2770; x_wconf 80' lang='lat' dir='ltr'><strong>Italicis,</strong></span> <span class='ocrx_word' id='word_1_173' title='bbox 1373 2698 1498 2760; x_wconf 85' lang='lat' dir='ltr'><strong>Lucano</strong></span> 
     </span>
     <span class='ocr_line' id='line_1_23' title="bbox 449 2794 1497 2889; baseline 0.001 -32"><span class='ocrx_word' id='word_1_174' title='bbox 449 2810 457 2827; x_wconf 91' lang='grc'><em>·</em></span> <span class='ocrx_word' id='word_1_175' title='bbox 487 2856 504 2889; x_wconf 57' lang='lat' dir='ltr'>v</span> <span class='ocrx_word' id='word_1_176' title='bbox 543 2804 659 2857; x_wconf 83' lang='lat' dir='ltr'><strong>tentum</strong></span> <span class='ocrx_word' id='word_1_177' title='bbox 672 2805 704 2858; x_wconf 91' lang='lat' dir='ltr'><strong>et</strong></span> <span class='ocrx_word' id='word_1_178' title='bbox 717 2794 853 2857; x_wconf 81' lang='lat' dir='ltr'><strong>Samnite</strong></span> <span class='ocrx_word' id='word_1_179' title='bbox 866 2797 1013 2877; x_wconf 77' lang='lat' dir='ltr'><strong>exceptis,</strong></span> <span class='ocrx_word' id='word_1_180' title='bbox 1029 2805 1062 2856; x_wconf 89' lang='lat' dir='ltr'><strong>et</strong></span> <span class='ocrx_word' id='word_1_181' title='bbox 1077 2795 1117 2855; x_wconf 87' lang='lat' dir='ltr'><strong>ed</strong></span> <span class='ocrx_word' id='word_1_182' title='bbox 1135 2807 1300 2857; x_wconf 83' lang='lat' dir='ltr'><strong>extremum</strong></span> <span class='ocrx_word' id='word_1_183' title='bbox 1319 2797 1366 2856; x_wconf 78' lang='lat' dir='ltr'><strong>hin</strong></span> <span class='ocrx_word' id='word_1_184' title='bbox 1377 2814 1497 2878; x_wconf 85' lang='lat' dir='ltr'><strong>qnoque</strong></span> 
     </span>
    </p>

    <p class='ocr_par' dir='ltr' id='par_1_9' title="bbox 376 2886 1499 3945">
     <span class='ocr_line' id='line_1_24' title="bbox 543 2886 1499 2975; baseline 0.001 -22"><span class='ocrx_word' id='word_1_185' title='bbox 543 2892 661 2965; x_wconf 75' lang='lat' dir='ltr'><strong>civitae,</strong></span> <span class='ocrx_word' id='word_1_186' title='bbox 675 2914 728 2974; x_wconf 92' lang='lat' dir='ltr'><strong>pro</strong></span> <span class='ocrx_word' id='word_1_187' title='bbox 742 2894 828 2973; x_wconf 79' lang='lat' dir='ltr'><strong>cujus</strong></span> <span class='ocrx_word' id='word_1_188' title='bbox 840 2891 1027 2975; x_wconf 84' lang='lat' dir='ltr'><strong>impetrando</strong></span> <span class='ocrx_word' id='word_1_189' title='bbox 1042 2894 1112 2971; x_wconf 87' lang='lat' dir='ltr'><strong>jure</strong></span> <span class='ocrx_word' id='word_1_190' title='bbox 1130 2901 1247 2953; x_wconf 81' lang='lat' dir='ltr'><strong>tentum</strong></span> <span class='ocrx_word' id='word_1_191' title='bbox 1265 2886 1417 2972; x_wconf 71' lang='lat' dir='ltr'><strong>sanguinis</strong></span> <span class='ocrx_word' id='word_1_192' title='bbox 1432 2902 1499 2955; x_wconf 84' lang='lat' dir='ltr'><strong>erat</strong></span> 
     </span>
     <span class='ocr_line' id='line_1_25' title="bbox 479 2988 797 3062; baseline 0.009 -14"><span class='ocrx_word' id='word_1_193' title='bbox 479 3004 487 3021; x_wconf 93' lang='lat'><strong>·</strong></span> <span class='ocrx_word' id='word_1_194' title='bbox 542 2988 652 3062; x_wconf 77' lang='lat' dir='ltr'><strong>sunum,</strong></span> <span class='ocrx_word' id='word_1_195' title='bbox 668 2990 797 3051; x_wconf 87' lang='lat' dir='ltr'><strong>daretur.</strong></span> 
     </span>
     <span class='ocr_line' id='line_1_26' title="bbox 585 3085 1496 3167; baseline 0.003 -22"><span class='ocrx_word' id='word_1_196' title='bbox 585 3093 635 3146; x_wconf 88' lang='lat'><strong>10.</strong></span> <span class='ocrx_word' id='word_1_197' title='bbox 657 3086 741 3147; x_wconf 88' lang='lat' dir='ltr'><strong>Dum</strong></span> <span class='ocrx_word' id='word_1_198' title='bbox 764 3086 890 3147; x_wconf 86' lang='lat' dir='ltr'><strong>Italiam</strong></span> <span class='ocrx_word' id='word_1_199' title='bbox 909 3085 1049 3146; x_wconf 75' lang='lat' dir='ltr'><strong>intestina</strong></span> <span class='ocrx_word' id='word_1_200' title='bbox 1071 3086 1154 3147; x_wconf 87' lang='lat' dir='ltr'><strong>bella</strong></span> <span class='ocrx_word' id='word_1_201' title='bbox 1173 3088 1255 3148; x_wconf 84' lang='lat' dir='ltr'><strong>varie</strong></span> <span class='ocrx_word' id='word_1_202' title='bbox 1274 3096 1412 3167; x_wconf 89' lang='lat' dir='ltr'><strong>premunt</strong></span> <span class='ocrx_word' id='word_1_203' title='bbox 1428 3108 1496 3148; x_wconf 75' lang='lat' dir='ltr'><strong>vao-</strong></span> 
     </span>
     <span class='ocr_line' id='line_1_27' title="bbox 543 3183 1498 3264; baseline 0.004 -23"><span class='ocrx_word' id='word_1_204' title='bbox 543 3189 678 3263; x_wconf 82' lang='lat' dir='ltr'><strong>tnntque,</strong></span> <span class='ocrx_word' id='word_1_205' title='bbox 693 3204 751 3243; x_wconf 91' lang='lat' dir='ltr'><strong>non</strong></span> <span class='ocrx_word' id='word_1_206' title='bbox 761 3183 857 3244; x_wconf 84' lang='lat' dir='ltr'><strong>multo</strong></span> <span class='ocrx_word' id='word_1_207' title='bbox 863 3184 1058 3264; x_wconf 75' lang='lat' dir='ltr'><strong>quietioribus</strong></span> <span class='ocrx_word' id='word_1_208' title='bbox 1065 3183 1145 3245; x_wconf 81' lang='lat' dir='ltr'><strong>Aria</strong></span> <span class='ocrx_word' id='word_1_209' title='bbox 1157 3205 1212 3244; x_wconf 82' lang='lat' dir='ltr'><strong>usa</strong></span> <span class='ocrx_word' id='word_1_210' title='bbox 1224 3185 1311 3244; x_wconf 88' lang='lat' dir='ltr'><strong>rebur</strong></span> <span class='ocrx_word' id='word_1_211' title='bbox 1323 3194 1378 3255; x_wconf 82' lang='lat' dir='ltr'><strong>ent,</strong></span> <span class='ocrx_word' id='word_1_212' title='bbox 1387 3184 1498 3245; x_wconf 71' lang='lat' dir='ltr'><strong>crebris</strong></span> 
     </span>
     <span class='ocr_line' id='line_1_28' title="bbox 543 3281 1496 3362; baseline 0.005 -25"><span class='ocrx_word' id='word_1_213' title='bbox 543 3298 698 3356; x_wconf 79' lang='lat' dir='ltr'><strong>regnorum</strong></span> <span class='ocrx_word' id='word_1_214' title='bbox 720 3281 945 3351; x_wconf 78' lang='lat' dir='ltr'><strong>mutationibus,</strong></span> <span class='ocrx_word' id='word_1_215' title='bbox 961 3291 992 3341; x_wconf 88' lang='lat' dir='ltr'><strong>et</strong></span> <span class='ocrx_word' id='word_1_216' title='bbox 1009 3282 1122 3341; x_wconf 87' lang='lat' dir='ltr'><strong>incerto</strong></span> <span class='ocrx_word' id='word_1_217' title='bbox 1143 3282 1272 3341; x_wconf 83' lang='lat' dir='ltr'><strong>maxima</strong></span> <span class='ocrx_word' id='word_1_218' title='bbox 1296 3281 1496 3362; x_wconf 80' lang='lat' dir='ltr'><strong>Bithynorum</strong></span> 
     </span>
     <span class='ocr_line' id='line_1_29' title="bbox 544 3374 1495 3459; baseline 0.002 -24"><span class='ocrx_word' id='word_1_219' title='bbox 544 3374 818 3457; x_wconf 69' lang='lat' dir='ltr'><strong>Cappadocumque</strong></span> <span class='ocrx_word' id='word_1_220' title='bbox 833 3386 922 3438; x_wconf 83' lang='lat' dir='ltr'><strong>statu.</strong></span> <span class='ocrx_word' id='word_1_221' title='bbox 968 3376 1155 3458; x_wconf 79' lang='lat' dir='ltr'><strong>Bithyniam,</strong></span> <span class='ocrx_word' id='word_1_222' title='bbox 1164 3397 1259 3459; x_wconf 91' lang='lat' dir='ltr'><strong>nuper</strong></span> <span class='ocrx_word' id='word_1_223' title='bbox 1271 3387 1386 3437; x_wconf 90' lang='lat' dir='ltr'><strong>mortuo</strong></span> <span class='ocrx_word' id='word_1_224' title='bbox 1397 3376 1495 3438; x_wconf 90' lang='lat' dir='ltr'><strong>Nico·</strong></span> 
     </span>
     <span class='ocr_line' id='line_1_30' title="bbox 543 3472 1496 3556; baseline 0.004 -24"><span class='ocrx_word' id='word_1_225' title='bbox 543 3472 629 3534; x_wconf 87' lang='lat' dir='ltr'><strong>mede</strong></span> <span class='ocrx_word' id='word_1_226' title='bbox 643 3474 761 3535; x_wconf 75' lang='lat' dir='ltr'><strong>Prusia</strong></span> <span class='ocrx_word' id='word_1_227' title='bbox 775 3474 852 3546; x_wconf 86' lang='lat' dir='ltr'><strong>filio,</strong></span> <span class='ocrx_word' id='word_1_228' title='bbox 868 3474 944 3535; x_wconf 78' lang='lat' dir='ltr'><strong>aliur</strong></span> <span class='ocrx_word' id='word_1_229' title='bbox 957 3474 1151 3546; x_wconf 72' lang='lat' dir='ltr'><strong>Nicomeden,</strong></span> <span class='ocrx_word' id='word_1_230' title='bbox 1172 3475 1330 3556; x_wconf 81' lang='lat' dir='ltr'><strong>superioria</strong></span> <span class='ocrx_word' id='word_1_231' title='bbox 1345 3494 1385 3534; x_wconf 84' lang='lat' dir='ltr'><strong>ex</strong></span> <span class='ocrx_word' id='word_1_232' title='bbox 1405 3473 1496 3554; x_wconf 72' lang='lat' dir='ltr'><strong>Nysa</strong></span> 
     </span>
     <span class='ocr_line' id='line_1_31' title="bbox 379 3551 1496 3667; baseline 0.001 -36"><span class='ocrx_word' id='word_1_233' title='bbox 379 3551 504 3667; x_wconf 47' lang='lat' dir='ltr'><strong>Mffffii&#39;n·</strong></span> <span class='ocrx_word' id='word_1_234' title='bbox 543 3591 636 3633; x_wconf 86' lang='lat' dir='ltr'><strong>uxore</strong></span> <span class='ocrx_word' id='word_1_235' title='bbox 647 3570 737 3643; x_wconf 77' lang='lat' dir='ltr'><strong>filius,</strong></span> <span class='ocrx_word' id='word_1_236' title='bbox 751 3575 929 3635; x_wconf 86' lang='lat' dir='ltr'><strong>auctoritate</strong></span> <span class='ocrx_word' id='word_1_237' title='bbox 941 3582 1061 3633; x_wconf 77' lang='lat' dir='ltr'><strong>senatun</strong></span> <span class='ocrx_word' id='word_1_238' title='bbox 1073 3572 1206 3633; x_wconf 80' lang='lat' dir='ltr'><strong>Romani</strong></span> <span class='ocrx_word' id='word_1_239' title='bbox 1218 3572 1398 3653; x_wconf 71' lang='lat' dir='ltr'><strong>possederat.</strong></span> <span class='ocrx_word' id='word_1_240' title='bbox 1433 3570 1496 3631; x_wconf 86' lang='lat' dir='ltr'><strong>Sed</strong></span> 
     </span>
     <span class='ocr_line' id='line_1_32' title="bbox 378 3670 1496 3749; baseline -0.002 -18"><span class='ocrx_word' id='word_1_241' title='bbox 378 3682 521 3748; x_wconf 61' lang='lat' dir='ltr'><strong>Mnnmp.</strong></span> <span class='ocrx_word' id='word_1_242' title='bbox 544 3670 586 3729; x_wconf 86' lang='lat' dir='ltr'><strong>uti</strong></span> <span class='ocrx_word' id='word_1_243' title='bbox 600 3689 751 3749; x_wconf 85' lang='lat' dir='ltr'><strong>nunquam</strong></span> <span class='ocrx_word' id='word_1_244' title='bbox 764 3670 926 3730; x_wconf 83' lang='lat' dir='ltr'><strong>certamina</strong></span> <span class='ocrx_word' id='word_1_245' title='bbox 937 3670 1043 3730; x_wconf 78' lang='lat' dir='ltr'><strong>derunt</strong></span> <span class='ocrx_word' id='word_1_246' title='bbox 1062 3670 1140 3729; x_wconf 88' lang='lat' dir='ltr'><strong>inter</strong></span> <span class='ocrx_word' id='word_1_247' title='bbox 1159 3670 1254 3748; x_wconf 76' lang='lat' dir='ltr'><strong>regios</strong></span> <span class='ocrx_word' id='word_1_248' title='bbox 1268 3671 1409 3749; x_wconf 81' lang='lat' dir='ltr'><strong>juvenen,</strong></span> <span class='ocrx_word' id='word_1_249' title='bbox 1421 3688 1496 3730; x_wconf 91' lang='lat' dir='ltr'><strong>con·</strong></span> 
     </span>
     <span class='ocr_line' id='line_1_33' title="bbox 376 3746 1494 3846; baseline -0.001 -19"><span class='ocrx_word' id='word_1_250' title='bbox 376 3746 450 3797; x_wconf 53' lang='lat' dir='ltr'><strong>PM·</strong></span> <span class='ocrx_word' id='word_1_251' title='bbox 543 3768 714 3827; x_wconf 82' lang='lat' dir='ltr'><strong>troversiam</strong></span> <span class='ocrx_word' id='word_1_252' title='bbox 726 3768 753 3828; x_wconf 88' lang='lat' dir='ltr'><strong>ei</strong></span> <span class='ocrx_word' id='word_1_253' title='bbox 766 3766 805 3828; x_wconf 92' lang='lat' dir='ltr'><strong>de</strong></span> <span class='ocrx_word' id='word_1_254' title='bbox 818 3788 908 3846; x_wconf 77' lang='lat' dir='ltr'><strong>regno</strong></span> <span class='ocrx_word' id='word_1_255' title='bbox 921 3767 1013 3828; x_wconf 86' lang='lat' dir='ltr'><strong>frater</strong></span> <span class='ocrx_word' id='word_1_256' title='bbox 1026 3767 1164 3828; x_wconf 79' lang='lat' dir='ltr'><strong>Socraten</strong></span> <span class='ocrx_word' id='word_1_257' title='bbox 1175 3777 1372 3846; x_wconf 83' lang='lat' dir='ltr'><strong>cognomento</strong></span> <span class='ocrx_word' id='word_1_258' title='bbox 1385 3767 1494 3827; x_wconf 72' lang='lat' dir='ltr'><strong>Chres-</strong></span> 
     </span>
     <span class='ocr_line' id='line_1_34' title="bbox 378 3863 1496 3945; baseline -0.003 -18"><span class='ocrx_word' id='word_1_259' title='bbox 378 3874 486 3941; x_wconf 74' lang='lat' dir='ltr'><strong>Appim.</strong></span> <span class='ocrx_word' id='word_1_260' title='bbox 543 3874 589 3926; x_wconf 79' lang='lat' dir='ltr'><strong>tor</strong></span> <span class='ocrx_word' id='word_1_261' title='bbox 601 3866 741 3927; x_wconf 82' lang='lat' dir='ltr'><strong>iaciebat.</strong></span> <span class='ocrx_word' id='word_1_262' title='bbox 782 3863 849 3926; x_wconf 90' lang='lat' dir='ltr'><strong>Hic</strong></span> <span class='ocrx_word' id='word_1_263' title='bbox 861 3886 930 3926; x_wconf 94' lang='lat' dir='ltr'><strong>cum</strong></span> <span class='ocrx_word' id='word_1_264' title='bbox 943 3866 1056 3927; x_wconf 75' lang='lat' dir='ltr'><strong>viribus</strong></span> <span class='ocrx_word' id='word_1_265' title='bbox 1068 3866 1164 3925; x_wconf 78' lang='lat' dir='ltr'><strong>minus</strong></span> <span class='ocrx_word' id='word_1_266' title='bbox 1176 3874 1286 3945; x_wconf 79' lang='lat' dir='ltr'><strong>pomet,</strong></span> <span class='ocrx_word' id='word_1_267' title='bbox 1301 3875 1334 3925; x_wconf 91' lang='lat' dir='ltr'><strong>et</strong></span> <span class='ocrx_word' id='word_1_268' title='bbox 1347 3864 1496 3924; x_wconf 69' lang='lat' dir='ltr'><strong>Romanis</strong></span> 
     </span>
    </p>

    <p class='ocr_par' dir='ltr' id='par_1_10' title="bbox 541 3960 1493 4045">
     <span class='ocr_line' id='line_1_35' title="bbox 541 3960 1493 4045; baseline -0.004 -21"><span class='ocrx_word' id='word_1_269' title='bbox 541 3963 647 4043; x_wconf 84' lang='lat' dir='ltr'><strong>opibue</strong></span> <span class='ocrx_word' id='word_1_270' title='bbox 658 3962 813 4023; x_wconf 74' lang='lat' dir='ltr'><strong>sustentari</strong></span> <span class='ocrx_word' id='word_1_271' title='bbox 827 3961 946 4023; x_wconf 81' lang='lat' dir='ltr'><strong>fratrem</strong></span> <span class='ocrx_word' id='word_1_272' title='bbox 958 3961 1083 4033; x_wconf 82' lang='lat' dir='ltr'><strong>videret,</strong></span> <span class='ocrx_word' id='word_1_273' title='bbox 1097 3960 1137 4021; x_wconf 85' lang='lat' dir='ltr'><strong>nd</strong></span> <span class='ocrx_word' id='word_1_274' title='bbox 1156 3960 1362 4021; x_wconf 79' lang='lat' dir='ltr'><strong>Mithridatem</strong></span> <span class='ocrx_word' id='word_1_275' title='bbox 1375 3980 1408 4021; x_wconf 85' lang='lat' dir='ltr'><strong>ne</strong></span> <span class='ocrx_word' id='word_1_276' title='bbox 1420 3980 1493 4045; x_wconf 56' lang='lat' dir='ltr'><strong>cons</strong></span> 
     </span>
    </p>

    <p class='ocr_par' dir='ltr' id='par_1_11' title="bbox 377 4056 1495 4355">
     <span class='ocr_line' id='line_1_36' title="bbox 542 4056 1495 4140; baseline -0.004 -21"><span class='ocrx_word' id='word_1_277' title='bbox 542 4060 622 4130; x_wconf 90' lang='lat' dir='ltr'><strong>tulit,</strong></span> <span class='ocrx_word' id='word_1_278' title='bbox 643 4080 739 4140; x_wconf 84' lang='lat' dir='ltr'><strong>neque</strong></span> <span class='ocrx_word' id='word_1_279' title='bbox 762 4058 909 4119; x_wconf 78' lang='lat' dir='ltr'><strong>Romania</strong></span> <span class='ocrx_word' id='word_1_280' title='bbox 926 4076 1141 4127; x_wconf 72' lang='lat' dir='ltr'><strong>concemurum,</strong></span> <span class='ocrx_word' id='word_1_281' title='bbox 1159 4069 1191 4119; x_wconf 85' lang='lat' dir='ltr'><strong>ct</strong></span> <span class='ocrx_word' id='word_1_282' title='bbox 1209 4056 1362 4139; x_wconf 76' lang='lat' dir='ltr'><strong>Bithyniae</strong></span> <span class='ocrx_word' id='word_1_283' title='bbox 1378 4076 1495 4137; x_wconf 69' lang='lat' dir='ltr'><strong>semper</strong></span> 
     </span>
     <span class='ocr_line' id='line_1_37' title="bbox 394 4152 1495 4235; baseline -0.003 -20"><span class='ocrx_word' id='word_1_284' title='bbox 394 4157 486 4209; x_wconf 72' lang='lat' dir='ltr'><strong>Jnarm.</strong></span> <span class='ocrx_word' id='word_1_285' title='bbox 541 4156 712 4217; x_wconf 79' lang='lat' dir='ltr'><strong>inhiantem.</strong></span> <span class='ocrx_word' id='word_1_286' title='bbox 767 4154 866 4235; x_wconf 74' lang='lat' dir='ltr'><strong>Igitur</strong></span> <span class='ocrx_word' id='word_1_287' title='bbox 891 4154 1083 4216; x_wconf 81' lang='lat' dir='ltr'><strong>Mithridaten</strong></span> <span class='ocrx_word' id='word_1_288' title='bbox 1108 4152 1308 4214; x_wconf 82' lang='lat' dir='ltr'><strong>Nicomedem</strong></span> <span class='ocrx_word' id='word_1_289' title='bbox 1335 4152 1495 4213; x_wconf 73' lang='lat' dir='ltr'><strong>adtatric&#39;m</strong></span> 
     </span>
     <span class='ocr_line' id='line_1_38' title="bbox 377 4230 1494 4355; baseline -0.002 -42"><span class='ocrx_word' id='word_1_290' title='bbox 377 4230 525 4355; x_wconf 36' lang='lat' dir='ltr'><strong>{22:3¹ss</strong></span> <span class='ocrx_word' id='word_1_291' title='bbox 541 4252 646 4325; x_wconf 82' lang='lat' dir='ltr'><strong>filium,</strong></span> <span class='ocrx_word' id='word_1_292' title='bbox 666 4262 698 4315; x_wconf 86' lang='lat' dir='ltr'><strong>et</strong></span> <span class='ocrx_word' id='word_1_293' title='bbox 716 4254 796 4332; x_wconf 80' lang='lat' dir='ltr'><strong>regia</strong></span> <span class='ocrx_word' id='word_1_294' title='bbox 813 4253 932 4315; x_wconf 85' lang='lat' dir='ltr'><strong>fortuna</strong></span> <span class='ocrx_word' id='word_1_295' title='bbox 956 4253 1110 4332; x_wconf 79' lang='lat' dir='ltr'><strong>indignum</strong></span> <span class='ocrx_word' id='word_1_296' title='bbox 1130 4252 1303 4332; x_wconf 78' lang='lat' dir='ltr'><strong>increpamr</strong></span> <span class='ocrx_word' id='word_1_297' title='bbox 1326 4250 1494 4323; x_wconf 87' lang='lat' dir='ltr'><strong>Socratem,</strong></span> 
     </span>
    </p>

    <p class='ocr_par' dir='ltr' id='par_1_12' title="bbox 540 4349 1492 4529">
     <span class='ocr_line' id='line_1_39' title="bbox 541 4349 1492 4431; baseline -0.001 -21"><span class='ocrx_word' id='word_1_298' title='bbox 541 4349 614 4410; x_wconf 85' lang='lat' dir='ltr'><strong>licet</strong></span> <span class='ocrx_word' id='word_1_299' title='bbox 630 4352 772 4413; x_wconf 89' lang='lat' dir='ltr'><strong>minorem</strong></span> <span class='ocrx_word' id='word_1_300' title='bbox 791 4360 873 4421; x_wconf 88' lang='lat' dir='ltr'><strong>natu,</strong></span> <span class='ocrx_word' id='word_1_301' title='bbox 897 4359 1039 4431; x_wconf 80' lang='lat' dir='ltr'><strong>tanquam</strong></span> <span class='ocrx_word' id='word_1_302' title='bbox 1061 4358 1195 4411; x_wconf 86' lang='lat' dir='ltr'><strong>materna</strong></span> <span class='ocrx_word' id='word_1_303' title='bbox 1209 4350 1321 4429; x_wconf 78' lang='lat' dir='ltr'><strong>origine</strong></span> <span class='ocrx_word' id='word_1_304' title='bbox 1337 4349 1492 4431; x_wconf 82' lang='lat' dir='ltr'><strong>potiorem,</strong></span> 
     </span>
     <span class='ocr_line' id='line_1_40' title="bbox 540 4448 1087 4529; baseline 0 -20"><span class='ocrx_word' id='word_1_305' title='bbox 540 4450 674 4510; x_wconf 85' lang='lat' dir='ltr'><strong>exercitu</strong></span> <span class='ocrx_word' id='word_1_306' title='bbox 688 4448 760 4512; x_wconf 79' lang='lat' dir='ltr'><strong>dato</strong></span> <span class='ocrx_word' id='word_1_307' title='bbox 774 4448 902 4511; x_wconf 83' lang='lat' dir='ltr'><strong>deduxit</strong></span> <span class='ocrx_word' id='word_1_308' title='bbox 914 4450 944 4510; x_wconf 90' lang='lat' dir='ltr'><strong>in</strong></span> <span class='ocrx_word' id='word_1_309' title='bbox 956 4468 1087 4529; x_wconf 68' lang='lat' dir='ltr'><strong>regnum.</strong></span> 
     </span>
    </p>
   </div>
   <div class='ocr_carea' id='block_1_8' title="bbox 0 0 1654 5225">
    <p class='ocr_par' dir='ltr' id='par_1_13' title="bbox 0 0 1654 5225">
     <span class='ocr_line' id='line_1_41' title="bbox 0 0 1654 5225; baseline 0 1"><span class='ocrx_word' id='word_1_310' title='bbox 0 0 1654 5225; x_wconf 95' lang='lat' dir='ltr'><strong> </strong></span> 
     </span>
    </p>
   </div>
  </div>
 </body>
</html>
