3300 5225
389 603 492 654 nissi
517 602 657 654 uxxiv.
680 603 1007 656 surranuauruu.
1171 590 1259 658 tiso

138 749 220 820 int,
234 767 295 809 non
306 746 397 808 fuisse
409 746 642 808 subtrshendum
661 748 783 809 unicum
797 747 943 809 libertatis
959 748 1094 835 defenso-

138 864 212 917 rem,
225 845 331 906 duoem
344 866 501 917 summum,
516 846 672 926 impigrum
681 844 818 908 militem.

178 948 230 1005 ³7.
253 941 348 1003 ‘Non
362 943 407 1002 ita
418 942 605 1023 desperatam
623 942 713 1003 fuisse
733 962 795 1005 rem
810 936 1007 1015 Aeculanum,
1021 946 1093 1025 quin

137 1059 257 1120 sperare
270 1038 395 1099 meliora
406 1038 471 1101 feta
484 1038 625 1101 licuisset
657 1038 709 1100 lta
719 1041 908 1121 precipitato
922 1040 1006 1101 exitu
1019 1061 1094 1122 prae-

137 1136 208 1197 toris
221 1147 254 1195 et
265 1136 435 1217 presidium
446 1136 612 1199 detrusum
623 1137 715 1197 saluti
731 1136 862 1218 publica
874 1136 989 1209 fuiss?
1011 1146 1043 1199 et
1055 1138 1094 1199 ad

137 1243 251 1293 menum
271 1242 412 1310 entremae
428 1234 513 1295 sortis
534 1254 622 1295 omen
645 1234 788 1295 additum.
831 1234 1008 1317 Perrupisse
1026 1256 1095 1297 enm

137 1350 190 1411 per
202 1330 317 1393 medios
332 1332 443 1402 hostes,
462 1341 546 1393 etex
565 1341 651 1393 tanto
670 1333 802 1413 periculo
813 1332 924 1392 multos
936 1352 1034 1393 meum
1049 1336 1093 1395 in·

135 1427 270 1487 nolumes
286 1428 315 1487 in
331 1426 476 1509 oppidum
488 1428 649 1498 induxisse.
691 1428 827 1511 Repente
839 1437 871 1489 et
888 1430 922 1503 in
932 1428 985 1490 illo
999 1430 1095 1492 multa

136 1534 317 1586 mutatorum
338 1524 446 1596 millia,
465 1526 638 1607 neutiquam
655 1526 832 1608 poenitendae
847 1528 964 1587 virtutis
983 1536 1014 1587 et
1027 1528 1092 1589 ani·

135 1642 260 1682 morum.
303 1620 423 1682 Adhane
440 1623 543 1682 urbem
562 1624 607 1683 ita
622 1625 722 1694 sitam,
740 1632 775 1683 ut
799 1621 959 1685 difficulter
978 1644 1092 1705 oppug-

134 1720 201 1779 nari
212 1728 332 1801 possen
355 1720 399 1779 its
415 1720 502 1779 rebus
519 1721 655 1782 omnibus
674 1708 859 1793 instructam,
877 1722 921 1782 nti
941 1742 1093 1785 necessum

134 1826 172 1877 et
177 1816 270 1878 iaoile
281 1817 372 1877 fuerit
384 1825 498 1877 tantum
513 1816 625 1878 bellum
637 1818 689 1879 diu
703 1827 772 1879 ante
784 1817 1005 1880 meditantibus.

175 1920 228 1975 88.
249 1914 321 1974 ‘Ab
334 1915 418 1974 hoste
431 1914 529 1995 potins
540 1914 699 1996 petendum
718 1914 883 1976 felicissimi
902 1894 1025 1975 eiures
1038 1936 1091 1976 ex·

133 2011 267 2093 emplum
289 2009 389 2072 titisse
431 2010 561 2073 Nullam
574 2014 641 2092 jum
663 2012 735 2073 olim
755 2011 887 2073 futurem
907 2009 998 2072 fuisse
1023 2011 1090 2073 Ro-

134 2128 227 2179 mam,
238 2108 264 2167 si
276 2108 426 2189 principes
437 2112 514 2189 ejus,
528 2108 567 2169 nd
579 2110 715 2189 quemvis
723 2108 871 2169 duriorem
885 2126 998 2179 casum,
1008 2128 1091 2189 spem

134 2226 254 2265 omnem
271 2206 432 2287 prouidere
452 2206 592 2267 festinata
611 2215 705 2267 morte
735 2206 907 2267 voluissent.
956 2204 1031 2267 Non
1048 2208 1091 2269 sio

133 2303 242 2363 fecisse
273 2322 311 2363 ne
336 2322 421 2362 senos
443 2303 564 2384 quidem
590 2302 758 2374 Romanos,
784 2304 837 2383 qui
862 2300 964 2363 Gallis
989 2304 1091 2365 urbem

132 2400 363 2481 ooenpsntibns,
384 2399 424 2461 ed
442 2408 597 2479 unamque
614 2389 763 2461 fortunam
786 2400 896 2481 parati,
918 2419 973 2461 neo
988 2399 1091 2480 fugere

132 2498 239 2569 vitam,
258 2516 315 2557 noo
327 2496 452 2557 retinere
464 2496 642 2557 curaverint.
683 2496 877 2557 iuventutem
889 2506 981 2567 uerte,
995 2516 1091 2577 quan·-

133 2613 226 2673 quam
258 2613 382 2654 numero
414 2592 589 2666 invalidam,
619 2594 714 2675 eopiis
743 2593 881 2655 omnibus
906 2592 1090 2668 destitutum,
1181 2582 1189 2590 ’

133 2699 234 2750 umen
254 2691 368 2770 insigne
392 2690 568 2752 mortalibus
598 2691 760 2753 ostendisse
787 2690 1007 2762 documentum,
1029 2712 1089 2753 nun

132 2807 196 2848 ene
222 2786 442 2868 desperandum
466 2789 497 2848 in
522 2787 620 2860 malis,
645 2788 699 2848 wd
720 2787 947 2869 relinquendum
972 2789 1091 2850 casibus

131 2885 263 2964 mtium
273 2884 435 2966 reponendi
447 2884 527 2964 quod
546 2884 747 2946 abstulissent.
790 2884 908 2946 Multos
926 2883 1024 2946 adhue
1037 2905 1089 2966 per

133 2981 259 3044 Italiam
288 2980 380 3042 ‹luoes¹
403 2983 562 3054 sociorum,
585 3003 710 3062 magnas
740 2983 850 3064 passim
879 2981 982 3062 eopias
1001 3001 1086 3043 esse:

131 3099 229 3161 neque
250 3078 430 3150 mirandum,
443 3079 479 3150 si,
493 3087 561 3159 post
573 3079 667 3140 multa
678 3099 831 3161 prospera,
848 3099 909 3140 uno
926 3086 979 3139 eut
994 3078 1088 3140 eltero

29 3162 37 3183 ⁸
133 3174 200 3240 loon
215 3174 402 3235 mutabilitas
412 3175 606 3236 humanarum
622 3197 718 3238 rerum
731 3176 877 3257 apparet.'

172 3278 224 3334 w.
247 3271 330 3332 Haeo
342 3273 381 3332 ob
395 3270 458 3332 alia
470 3272 657 3334 inoommoda
669 3273 858 3346 dicebantur,
870 3281 902 3334 et
913 3274 985 3354 quia
997 3293 1044 3334 res
1057 3273 1088 3332 in

133 3368 292 3451 Campano
305 3389 377 3448 agro
393 3369 580 3431 secundiores
601 3371 749 3432 Romanis
759 3381 856 3442 erent,
870 3372 923 3432 ubi
947 3369 982 3432 1..
999 3369 1088 3452 Sylla

133 3464 256 3526 Stebias
276 3464 419 3547 oppidum
432 3475 635 3546 expugnatum
654 3467 860 3550 direptumque
880 3466 923 3529 A.
936 3467 978 3528 D.
993 3466 1087 3548 pridie

134 3549 313 3626 suenum
326 3563 428 3623 Mun
439 3562 561 3623 neum
1098 3583 1163 3634 ιη...
1174 3600 1215 3634 1...
1225 3588 1251 3634 ⁶,

171 3667 224 3722 40.
239 3659 324 3721 Dum
333 3661 373 3720 ad
386 3681 456 3720 enm
463 3660 584 3720 modum
597 3658 714 3720 Italicae
725 3660 860 3738 regiones
869 3669 1086 3742 pervastantur,

133 3757 197 3838 ipsa
208 3777 330 3839 quoque
342 3767 435 3839 eaput
446 3759 580 3838 gentium
596 3756 699 3818 Roma
716 3757 818 3819 multis
830 3778 847 3818 e
860 3759 943 3820 bello
958 3757 1086 3820 difficul-
1106 3795 1107 3798 =

132 3855 246 3916 tatibos
258 3857 480 3936 perurgebatur.
521 3854 606 3916 Inter
617 3875 685 3936 qne.
696 3853 809 3916 indum
826 3857 858 3916 in
879 3857 952 3916 urbe
964 3855 1086 3916 seditio·

132 3973 199 4012 nem
211 3942 328 4014 excivit
339 3952 469 4013 loenebre
481 3952 604 4024 melum,
615 3953 697 4034 quod
707 3951 820 4014 nllliota
831 3963 996 4036 temporum
1004 3974 1087 4015 soer-

132 4051 227 4112 bitate
240 4051 418 4132 patrimonia
438 4049 609 4132 pleramque
628 4051 757 4113 civitatis
773 4061 888 4133 partem
910 4071 968 4111 are
988 4051 1087 4112 alieno
1098 4073 1151 4126 15„
1162 4075 1230 4141 Epir.

132 4149 302 4210 obruerem.
343 4149 428 4210 Olim
446 4148 511 4209 leta
529 4148 596 4230 lege
616 4149 773 4231 pecuniam
795 4148 826 4210 in
846 4148 956 4212 foenore
978 4169 1085 4230 ponere
1108 4173 1248 4239 Appium.

1095 4241 1155 4290 ⁸82.

165 4347 181 4392 6
198 4341 297 4392 surae
307 4340 368 4391 edd.
377 4347 438 4391 ante
450 4341 528 4390 Cres.

164 4412 181 4458 a
198 4407 285 4459 Pridie
296 4408 333 4459 Χ.
344 4407 402 4458 Kst.
413 4407 475 4459 edd.
484 4416 547 4460 ente
560 4407 639 4460 Cres.
