3300 5225
312 595 316 601 -
373 550 462 616 ⁴520
862 569 896 617 r.
923 565 1015 616 trvrr

537 729 579 771 na
594 729 685 790 regna
701 711 834 772 obtinere
845 711 992 790 juseimet,
1010 711 1112 791 quiete
1131 710 1161 771 in
1180 709 1359 791 possesione
1371 725 1491 770 monere

538 801 718 890 pateretur.''
749 807 809 868 Ille
833 808 911 869 ultro
933 807 1029 868 multa
1050 815 1180 888 quesbus,
1200 814 1332 887 ‘quauta
1349 806 1492 888 patientia

391 907 493 974 Diotp·
538 913 585 965 tot
605 903 800 966 conmmoliss
822 904 1032 974 connexim:
1057 903 1258 964 demonstrat:
1286 911 1492 984 ‘quantusque

375 973 447 1023 Pulc.
538 1021 611 1083 opes
633 1001 753 1083 publice
773 1001 969 1082 privatimque
986 999 1113 1062 colendo
1132 999 1288 1060 Romanos
1305 997 1492 1080 profudisset.

539 1098 635 1160 Nune
648 1100 740 1159 etiem
752 1097 825 1160 licet
838 1107 1043 1180 provocatum,
1056 1117 1158 1177 neque
1172 1097 1323 1166 inermem,
1340 1096 1492 1175 quiescere

538 1196 641 1269 malle,
668 1194 757 1257 modo
782 1194 851 1255 linis
871 1195 1044 1274 injuriarum
1071 1189 1145 1255 fine’
1186 1193 1229 1252 Et
1253 1191 1328 1252 fides
1350 1195 1493 1272 promisso

539 1291 607 1354 luit.
1366 1349 1371 1356 .

392 1385 483 1438 Mn·
580 1395 631 1449 33.
652 1387 714 1448 Sed
731 1407 791 1449 non
803 1387 909 1452 eedem
925 1386 1088 1448 Nicomedi
1105 1385 1250 1447 modesth
1266 1387 1384 1458 mansit,
1403 1407 1493 1468 quem

377 1456 528 1582 ‘iffi‘
540 1484 747 1546 Romanorum
765 1484 874 1544 dueum
894 1483 1091 1554 hortamenta,
1108 1490 1140 1543 et
1158 1484 1259 1562 inopia
1270 1483 1405 1563 pecrmae
1418 1485 1493 1543 inri-

540 1590 604 1642 tum
617 1581 658 1642 ed
671 1603 753 1643 arme
764 1582 979 1663 compulerunt.
1009 1579 1093 1641 Nem
1106 1587 1137 1640 et
1149 1581 1195 1652 iis,
1209 1598 1229 1638 a
1239 1580 1347 1659 quibus
1356 1579 1495 1640 reduetus

540 1682 572 1741 in
584 1700 704 1760 regnum
716 1679 823 1751 fueret,
836 1677 932 1740 multe
944 1688 1008 1739 eret
1017 1677 1185 1759 pollicitum
1200 1684 1232 1736 et
1244 1678 1351 1758 passim
1362 1679 1401 1738 ab
1412 1679 1495 1739 inco·

541 1777 671 1838 lentibus
682 1776 791 1838 Asiam
810 1775 943 1838 Romani
962 1776 1089 1836 nominis
1105 1774 1274 1834 homiuibus
1285 1793 1424 1852 magnam
1435 1775 1495 1835 vim

541 1893 724 1937 nummorum
736 1873 879 1935 fenerato
890 1873 1073 1940 abstulerat..
1105 1870 1203 1951 Igitur
1219 1872 1249 1931 in
1270 1870 1415 1932 ditionem
1431 1871 1495 1930 Mi-

541 1970 679 2032 thridatis
690 1971 852 2052 irruptione
864 1970 958 2042 faeta,
972 1985 1065 2050 usque
1077 1967 1116 2028 ed
1129 1967 1295 2029 Amastrim
1307 1969 1409 2028 urbem
1419 1987 1496 2048 prte-

541 2068 700 2131 dabundus
717 2069 868 2148 processit.
910 2067 1102 2129 Mithridates
1114 2069 1205 2138 enim,
1226 2085 1397 2146 quenquam
1410 2085 1497 2147 pera-

540 2175 589 2228 trs
608 2165 741 2227 habebat
757 2165 872 2246 copies,
891 2165 1005 2226 occurri
1022 2172 1167 2235 vetuerat,
1185 2183 1244 2244 quo
1260 2162 1395 2244 pluribus
1406 2163 1498 2244 paulo

542 2271 610 2345 post
621 2272 653 2322 et
664 2261 887 2344 speciosioribus
899 2263 995 2322 causis
1007 2260 1119 2322 bellum
1132 2267 1269 2320 sumeret.

583 2365 634 2420 34.
656 2355 722 2418 Ubi
735 2377 869 2418 reversus
884 2357 913 2416 in
931 2356 1107 2436 Bithyniam
1125 2355 1309 2416 Nicomedes
1325 2364 1380 2426 est,
1403 2355 1499 2418 Pelo-

543 2455 645 2536 pidam
656 2455 786 2534 legatum
800 2452 993 2514 Mithridates
1006 2451 1045 2512 ed
1059 2452 1215 2513 Romanos
1227 2437 1422 2513 duces'misit.
1466 2452 1501 2512 Is

541 2559 770 2615 commemorato
795 2549 903 2612 veteris
924 2550 1075 2610 societatis
1092 2551 1173 2629 jure,
1195 2548 1275 2630 quod
1299 2569 1319 2610 a
1337 2547 1500 2628 majoribus

544 2658 700 2730 acoeptum
712 2655 881 2709 constanter
901 2656 992 2726 atque
1012 2645 1142 2707 fideliter
1157 2646 1258 2707 multis
1276 2666 1371 2727 neque
1384 2644 1500 2707 levibus

543 2745 648 2807 officiis
662 2744 854 2805 Mithridates
871 2744 1022 2814 coluisset,
1037 2752 1046 2780 ‘
1059 2741 1154 2804 Nunc
1166 2744 1288 2815 eutem,’
1302 2743 1357 2814 ait,
1371 2752 1380 2779 ⁴
1392 2742 1500 2821 injurie

544 2862 598 2923 pro
618 2843 714 2921 gratia
730 2842 871 2902 redditur.
898 2840 1049 2901 ·Ademte
1066 2841 1127 2919 regi
1149 2839 1288 2920 Phrygia
1304 2849 1360 2911 est,
1379 2839 1500 2903 ademta

545 2938 753 3019 Cappadocia,
779 2956 904 3019 quarum
929 2938 1005 2997 hauc
1030 2938 1146 3018 proavis
1172 2938 1232 2997 suis
1256 2936 1389 2997 debitam
1412 2946 1498 3017 pater

546 3034 709 3113 Evergetes
728 3035 851 3114 recepit,
877 3033 960 3095 illem
978 3054 1075 3115 opere:
1098 3033 1180 3093 bello
1198 3033 1362 3095 Aristonici
1380 3022 1499 3093 navitae

545 3131 698 3210 premium
721 3131 856 3210 aceepit:
880 3130 904 3189 si
926 3140 1024 3189 tanmn
1042 3130 1193 3211 premium
1209 3150 1315 3189 vocare
1333 3148 1499 3211 possumus,

398 3234 489 3285 susm.
544 3246 654 3305 mmo
666 3228 731 3287 auri
742 3224 871 3306 pondere
885 3226 924 3285 ab
938 3226 1112 3306 imperatore
1125 3235 1223 3286 vestro
1236 3236 1359 3297 emtam,
1378 3235 1410 3286 et
1427 3226 1499 3287 olim

381 3304 534 3430 {mm
546 3345 567 3385 e
579 3322 707 3383 Seleuco
722 3321 872 3383 Callinico
892 3323 924 3381 in
945 3319 1046 3382 dotem
1064 3321 1165 3383 datam
1180 3342 1291 3403 proavo
1310 3324 1394 3403 regis.
1437 3322 1500 3383 Sed

546 3418 600 3479 illa
611 3439 694 3490 sane,
707 3420 779 3501 quia
791 3417 883 3500 paulo
896 3418 1102 3499 longinquiora
1114 3427 1192 3490 sunt,
1206 3417 1335 3491 silentio,
1346 3427 1388 3491 et,
1398 3420 1423 3479 si
1431 3420 1499 3480 rul-

545 3516 596 3587 tis,
618 3517 708 3576 etiam
727 3514 877 3575 oblivione
898 3514 1083 3595 sepeliamus.
1126 3514 1191 3575 Iste
1211 3534 1282 3575 vero
1300 3516 1430 3575 recentia
1447 3516 1500 3597 qui

546 3612 721 3693 memus?
740 3611 822 3693 qued
835 3610 1035 3672 Nicomedem
1048 3610 1187 3677 osPonti
1195 3610 1402 3683 intercludere,
1414 3632 1501 3692 egros

546 3729 640 3789 usque
652 3707 691 3769 ad
704 3708 860 3769 Amastrin
881 3708 1017 3789 populari
1030 3709 1136 3779 sinitis,
1150 3707 1340 3791 praedamque
1356 3720 1500 3783 evertere,

545 3806 631 3884 cujus
644 3805 868 3865 estimationem
887 3804 1010 3865 novistis
1028 3805 1083 3887 ipsi
1103 3806 1222 3877 rectius,
1243 3824 1333 3886 quam
1348 3816 1382 3868 ut
1394 3826 1413 3866 e
1425 3826 1500 3887 quo·

546 3922 636 3981 quam
648 3900 782 3962 debeatis
795 3900 925 3963 edoceri.

587 4003 639 4059 35.
659 3998 723 4058 ‘Et
734 3998 792 4059 iste
801 3997 922 4079 quidem
935 3998 991 4059 hoc
1004 3996 1093 4059 modo
1106 4005 1189 4076 gesta
1201 4006 1280 4072 sunt,
1294 4017 1352 4060 non
1369 3997 1502 4059 invalido

547 4245 742 4310 delegatorum
754 4248 927 4298 Romemrurn
936 4261 1006 4297 men·
1042 4261 1112 4309 nem,
1125 4246 1285 4313 Appianum,
1297 4246 1429 4311 orosium,
1439 4256 1503 4300 sunt

547 4312 610 4360 data
631 4325 756 4377 numum
773 4314 916 4377 reperimus
936 4312 1006 4377 epod
1041 4312 1080 4362 his
1102 4313 1263 4376 temporibur
1289 4315 1445 4377 posteriora,
1472 4324 1503 4364 et

547 4376 666 4440 antiquos
678 4376 826 4441 scriptores.
860 4378 926 4430 Qua
937 4378 1006 4427 eninr
1042 4391 1130 4427 rursus
1142 4384 1315 4430 memorentur
1327 4376 1406 4443 inire,
1424 4393 1448 4429 c.
1460 4384 1503 4431 lt.

546 4440 585 4492 bis
603 4438 691 4492 allinit
706 4441 835 4495 hibentur
853 4442 922 4509 epod
942 4444 1007 4495 Die·
1041 4446 1118 4495 erro.
1136 4444 1208 4494 Creo.
