3300 5225
380 581 488 632 lallllll
513 581 631 632 xum.
653 565 978 665 strenuissimi.
1159 567 1246 636 ⁴771

121 727 224 798 betur,
236 726 367 786 menime
385 733 541 807 postquem
554 722 614 785 (lu.
626 723 768 806 Pompeii
781 721 885 786 siletis
896 723 991 786 Ιὶίοω
1002 732 1084 798 sunt,
1112 737 1171 791 sut
1181 739 1249 791 lli-t.

122 823 155 883 in
168 823 247 884 hunc
256 822 432 883 sententium
441 821 576 902 scripte:
590 829 599 858 ‘
612 819 647 882 Si
657 820 799 882 adversus
808 841 873 894 vus,
883 823 1085 903 petrianum,
1096 821 1141 856 ¹¹¹·

122 929 158 980 et
171 919 257 980 Deos
268 919 413 992 Penates,
434 918 543 980 totiens
554 917 716 978 inbuisset
734 917 867 1000 pericula
878 918 1084 999 suscepissem,

122 1017 265 1096 quotiens
286 1035 306 1076 s
331 1017 427 1096 prim
452 1013 652 1076 adolescentia
676 1013 768 1076 ductu
794 1033 863 1075 mcc
886 1013 1084 1076 scelestissimi

122 1113 226 1174 homes
237 1111 307 1184 lusi,
327 1120 359 1172 et
379 1112 465 1173 vobis
480 1111 561 1174 selus
581 1111 706 1194 quesite
721 1120 784 1182 est;
807 1110 883 1172 nihil
905 1111 1033 1192 emplius
1051 1113 1084 1172 in

123 1209 279 1270 eboentem
297 1228 344 1270 me
361 1209 547 1280 muniatis,
561 1228 651 1290 quem
670 1207 768 1270 ndhuc
781 1208 881 1290 agitis,
894 1217 996 1289 pune·
1012 1227 1085 1269 cun·

123 1307 245 1389 scripti;
267 1326 357 1387 quem
369 1313 473 1368 conus
486 1313 603 1368 etcum
626 1307 789 1388 projectum
803 1304 844 1367 cd
855 1305 971 1366 bellum
982 1307 1083 1368 ωνὶι·

122 1405 245 1477 dmum,
258 1423 327 1466 cum
340 1405 473 1464 exercitu
481 1402 594 1486 optime
606 1403 722 1476 merito,
732 1411 877 1483 quantem
886 1412 934 1464 est
942 1403 974 1464 in
985 1404 1084 1476 vobis,

122 1500 219 1574 ieme,
237 1503 400 1563 miserrime
418 1501 550 1562 omnium
571 1507 678 1572 morte,
691 1499 872 1561 confecistis.
912 1499 988 1562 Huc
1001 1501 1084 1562 enim

122 1619 181 1680 spe
195 1597 321 1681 populus
342 1598 498 1660 Romanus
510 1597 619 1658 liberos
633 1617 702 1659 suus
713 1595 754 1658 nd
768 1595 883 1657 bellum
894 1597 999 1658 misit?
1019 1599 1085 1660 hec

123 1705 198 1757 sunt
214 1697 336 1777 premis
356 1717 411 1779 pro
429 1695 612 1769 vulneribus,
633 1703 668 1756 et
682 1694 791 1756 totiens
811 1695 852 1754 ob
870 1694 1085 1776 rempublicam

123 1791 194 1853 fuso
218 1795 384 1873 sanguinei
411 1793 520 1854 Fessus
544 1791 711 1864 scribendo,
732 1789 937 1872 mitteanue
957 1790 1084 1870 legetis,

122 1911 230 1954 omnes
239 1913 312 1974 opes
324 1902 357 1954 et
372 1913 438 1974 spes
451 1891 583 1975 privates
594 1911 677 1952 mess
688 1890 836 1951 cousumsi
846 1909 855 1960 3
876 1909 946 1950 cum
962 1889 1081 1951 interim

123 2009 147 2049 a
158 1989 244 2050 vobis
258 2011 311 2072 per
323 1990 480 2052 biennium
491 1989 546 2050 vix
564 2007 678 2048 munus
694 1995 807 2048 umus
820 1985 911 2049 dnus
922 1993 978 2048 est.
1020 1986 1085 2047 Per

126 2085 214 2147 Deos
225 2086 425 2148 immortnlcsl
448 2093 545 2147 utum
564 2085 691 2146 censetis
709 2103 757 2144 me
776 2085 873 2147 vicem
892 2083 989 2144 ennii
1007 2102 1084 2165 prm·

122 2193 218 2257 stete,
244 2203 283 2246 en
309 2185 473 2246 exercitum
495 2184 559 2244 sine
579 2181 727 2244 frumento
748 2189 780 2244 et
802 2179 950 2263 stipendio
974 2179 1085 2242 hebere

169 2386 220 2439 31.
242 2386 252 2415 ‘
267 2376 415 2459 Equidem
428 2377 523 2440 intem
535 2397 583 2439 me
596 2378 636 2439 nd
652 2377 711 2438 hoc
727 2369 841 2437 bellum
859 2375 973 2454 majore
984 2371 1086 2435 suedie

124 2495 221 2556 quem
240 2474 365 2536 consilio
385 2475 569 2558 proiectum:
591 2475 704 2556 quippe
720 2473 772 2553 qui
792 2472 910 2533 nomine
929 2470 1018 2531 modo
1030 2471 1085 2530 im·

125 2573 206 2655 perii
219 2593 238 2635 u
249 2573 335 2633 vobis
352 2580 488 2653 eccepto,
509 2569 614 2633 diebus
636 2569 836 2652 quadraginta
854 2568 1018 2630 exercitum
1031 2586 1085 2648 ps·

124 2670 214 2740 revi3
235 2670 390 2750 hostesque
405 2670 435 2729 iu
449 2670 620 2753 cervicibus
628 2670 696 2750 jem
715 2665 816 2728 Iulis
835 2674 957 2745 ugentes
968 2665 1009 2725 sb
1024 2663 1084 2724 Al·

123 2766 217 2848 pibus
234 2767 265 2826 in
283 2763 464 2847 Hispaniam
484 2765 647 2827 summovit
669 2784 722 2846 per
737 2782 789 2824 ees
807 2764 863 2822 iter
874 2760 971 2833 eliud,
991 2768 1084 2840 etque

68 2876 75 2889 ·
126 2862 306 2935 Huuuibul,¹
322 2863 408 2923 nobis
430 2862 623 2945 opportunius
641 2858 785 2944 patefeci:
814 2860 914 2939 recepi
936 2856 1084 2929 Gellium,

123 2960 325 3042 Pyrenaeum,
340 2960 545 3031 Lacetaniam,
565 2960 728 3039 Ilergetesz
749 2966 781 3019 et
797 2957 924 3039 primum
942 2956 1085 3037 impetum

125 3056 254 3117 Sertorii
267 3058 398 3130 victoris,
411 3058 496 3118 novis
509 3056 631 3139 quidem
643 3056 797 3127 militibus,
810 3063 843 3114 et
856 3051 950 3113 multo
962 3054 1083 3134 paucio-

125 3154 222 3225 ribus,
245 3154 391 3215 sustinuit
420 3154 616 3234 hyememque
636 3154 667 3213 in
686 3153 791 3214 castris
813 3152 891 3211 inter
909 3150 1086 3210 summimus

124 3252 241 3322 hostes,
263 3270 321 3310 non
343 3270 396 3331 per
415 3248 540 3331 oppidu,
559 3269 654 3331 neque
675 3268 714 3311 ex
736 3248 997 3317 ambitionem,
1023 3247 1083 3325 egi.

127 3346 218 3413 Quid
229 3345 298 3407 dein
311 3344 426 3427 prelis,
441 3355 495 3406 sut
505 3345 709 3428 expeditiones
724 3344 885 3425 hybernus,
905 3342 1017 3425 oppidu
1027 3362 1083 3403 ex·

123 3444 191 3503 cim
205 3452 258 3504 sut
268 3453 389 3526 receptu
404 3443 591 3517 enumerem?
610 3442 731 3524 quando
745 3460 793 3502 res
802 3440 871 3523 plus
881 3440 984 3502 velent
991 3459 1083 3520 quem

125 3540 233 3603 verbs.
274 3540 386 3603 (lustru
394 3542 521 3603 hostium
532 3537 613 3620 apud
623 3537 893 3620 Sucronemcepte,
906 3546 939 3598 et
950 3536 1085 3619 prelium

127 3636 212 3717 epud
225 3634 335 3697 flumen
349 3638 488 3709 Durium,
501 3645 534 3698 et
549 3635 613 3697 dux
633 3636 761 3697 hostium
780 3634 819 3695 (l.
834 3633 1005 3695 Herennius
1015 3653 1084 3693 cum

124 3734 202 3793 urbe
223 3732 370 3795 Veientis
385 3743 417 3795 et
433 3734 565 3796 exercitu
585 3732 690 3805 deleti,
705 3732 778 3793 sctis
795 3731 880 3792 clere
898 3731 984 3792 vobis
1004 3740 1084 3795 suut.

126 3830 197 3891 Pru
219 3830 297 3911 quis,
323 3850 343 3891 o
360 3832 435 3911 greti
457 3839 566 3911 putres,
589 3836 751 3910 egestatem
770 3836 803 3889 et
823 3826 932 3887 lumem
953 3826 1083 3888 redditis.

128 3926 243 4007 Iteque
263 3947 330 3989 meo
347 3936 379 3987 et
398 3928 525 3989 hostium
542 3928 686 3989 exercitui
702 3946 757 4009 per
774 3923 906 3985 conditio
919 3932 983 3983 est:
1000 3944 1084 3984 nem-

125 4044 188 4104 que
209 4022 389 4105 stipendium
409 4024 505 4085 neutri
526 4024 632 4094 dicun
653 4026 749 4087 victor
766 4031 891 4103 uterque
908 4020 939 4079 iu
959 4018 1085 4081 Itsliem

127 4122 233 4183 venire
247 4128 354 4201 potest.
657 4174 660 4179 .

168 4224 221 4278 32.
243 4216 355 4285 ‘Quod
372 4234 429 4295 ego
442 4235 496 4277 vus
513 4234 620 4277 moneo
633 4234 792 4296 quaesoque
814 4224 849 4276 ut
866 4212 1084 4275 animadvertu-

128 4317 180 4387 tis,
206 4336 261 4375 neu
283 4309 403 4395 'cogetis
423 4314 645 4376 necessitutibus
665 4314 805 4395 privatim
827 4314 900 4373 mihi
921 4311 1084 4375 consulere.
