3300 5225
858 596 892 645 Τ.
916 593 1012 649 mvn
1066 611 1082 653 ,’

443 770 447 777 -
466 746 470 753 ’
531 734 652 799 socialis
671 736 746 799 belli
763 758 875 800 novum
895 748 927 799 et
944 738 1073 801 atrocius
1088 736 1186 800 civilis
1200 738 1373 801 certaminis
1387 739 1491 801 incen-

531 834 619 895 ‹linm
638 837 782 897 excitare.
824 834 972 906 Nondum
985 836 1095 898 oblitos
1106 856 1171 897 esse
1183 838 1309 915 majores
1324 846 1409 907 natu,
1420 848 1492 897 cnm

533 931 639 993 dirutis
650 932 796 1013 Fregellis
805 933 837 993 in
849 934 946 995 socios
954 934 1143 1007 consiliorum
1151 936 1492 1015 sitentiusqurereretrr,

534 1050 631 1110 eaque
644 1032 813 1114 suspicione
828 1031 866 1093 Ο.
881 1030 1038 1093 Gracchus
1058 1030 1176 1093 afflatus
1194 1042 1281 1105 esset,
1302 1033 1407 1112 quanti
1420 1030 1493 1091 inde

535 1128 689 1190 extiterint
713 1128 869 1199 nunnitus,
894 1129 1011 1191 victrici
1031 1137 1146 1189 tumet
1167 1130 1295 1189 robuste
1318 1127 1490 1209 reipublicae

535 1226 590 1287 vix
603 1225 795 1296 tolerabilem
816 1237 850 1287 et
864 1227 957 1288 exitio
966 1226 1092 1299 futuros,
1107 1227 1133 1287 si
1149 1225 1242 1288 debili
1255 1236 1287 1288 et
1299 1224 1421 1287 aliunde
1434 1225 1491 1285 irn-

534 1322 646 1403 peditre
659 1324 871 1385 incubuissent.
1356 1348 1362 1357 ·

575 1427 627 1483 14.
649 1420 731 1481 ‘Sed
744 1422 824 1483 bono
836 1422 917 1494 urbis
930 1420 1079 1483 Romane
1091 1420 1206 1481 nullum
1218 1430 1281 1481 nrm
1292 1419 1335 1487 Q.
1350 1420 1491 1491 Varium,

533 1518 632 1579 antei
649 1518 893 1591 uniremvtuine,
908 1538 1003 1601 quem
1021 1519 1142 1602 propitii
1161 1528 1225 1579 tum
1240 1516 1306 1589 Dii,
1323 1536 1401 1578 nuuc
1420 1518 1491 1577 insti

411 1688 417 1703 ,
531 1615 643 1696 P⁰P⁰l⁰
661 1616 813 1689 me,
826 1617 857 1676 in
868 1617 932 1677 hsce
945 1618 1044 1698 potius
1054 1626 1188 1698 tempora
1199 1623 1374 1686 serramnt,
1389 1623 1423 1674 ut
1434 1632 1490 1673 ex-

451 1723 454 1732 '
531 1710 698 1773 ulceratum
709 1714 844 1774 civitatis
854 1721 965 1774 ststum
983 1712 1022 1773 ad
1039 1722 1205 1773 extremum
1218 1711 1343 1793 periculi
1356 1709 1492 1771 sdrluce-

531 1820 578 1871 ret
602 1811 692 1871 bomo
716 1830 777 1871 uon
800 1808 1023 1892 Hispaniensis,
1044 1809 1096 1870 sed
1119 1808 1288 1891 Hispanus,
1308 1816 1350 1878 et,
1372 1808 1397 1867 si
1413 1808 1490 1887 quid

529 1906 606 1969 forte
640 1907 773 1968 Romani
810 1908 962 1987 sanguinis
997 1909 1132 1979 heberet,
1166 1907 1322 1985 embiguus
1351 1904 1491 1986 hybrida.

530 2004 627 2076 Hunc
644 2004 760 2067 scilicet
782 2006 954 2087 reipublice
974 2025 1047 2067 curn
1067 2004 1235 2086 ducique
1256 2002 1329 2063 nihil
1349 2002 1387 2063 ad
1405 2002 1491 2063 illum

528 2102 687 2184 pertineret
693 2123 704 2171 ς
726 2112 780 2162 out
792 2100 856 2163 ulla
868 2101 992 2162 honeste
1002 2122 1105 2173 cause,
1118 2102 1206 2179 cujus
1217 2101 1247 2161 in
1261 2108 1326 2160 tots
1337 2100 1403 2160 vita
1413 2098 1491 2160 nihil

527 2220 588 2259 non
600 2198 711 2260 i'oerlum
729 2208 822 2279 atque
841 2199 1012 2281 probrosum
1025 2210 1121 2268 esset3
1142 2198 1253 2279 quique
1276 2198 1340 2279 ipse
1358 2196 1491 2256 criminis

527 2297 629 2375 liujus,
643 2317 697 2378 per
716 2296 799 2378 quod
815 2297 969 2375 negotium
983 2295 1052 2356 aliis
1064 2295 1234 2365 facesseret,
1248 2294 1348 2355 multis
1360 2303 1392 2354 et
1405 2294 1493 2353 bonis

527 2395 653 2455 lembus
664 2397 749 2475 argui
761 2394 878 2477 posset!
922 2394 1064 2455 Ceterum
1077 2394 1132 2455 tali
1146 2394 1260 2474 aliquo,
1279 2392 1336 2453 boc
1352 2402 1409 2463 est,
1423 2392 1492 2465 vili,

527 2491 711 2573 impudente,
720 2501 753 2553 et
765 2492 881 2573 perdito
893 2492 1012 2553 bomine
1024 2491 1215 2573 fuisseopus:
1236 2510 1291 2552 nec
1302 2490 1382 2550 enim
1393 2488 1490 2549 ulium
1525 2560 1527 2563 ¹

527 2589 649 2670 reperiri
662 2590 802 2672 poturisse,
813 2590 866 2670 qui
884 2610 916 2650 se
930 2587 1079 2650 Romanis
1095 2588 1246 2670 equitibus
1257 2586 1437 2659 venditaret,
1449 2585 1490 2648 sd

527 2688 633 2747 borum
646 2685 882 2748 confirmandam
893 2686 1096 2768 impotentiam
1109 2697 1172 2747 tam
1186 2686 1290 2746 infami
1304 2684 1463 2745 famulatu.

568 2789 619 2844 16.
640 2793 650 2821 ⁴
663 2783 787 2845 Frustra
800 2785 928 2845 incusari
939 2783 1032 2844 elias:
1046 2783 1178 2863 equitum
1191 2781 1270 2843 banc
1283 2783 1488 2862 intemperiem

527 2901 603 2952 esse,
615 2895 706 2959 regno
717 2881 900 2961 judiciorum
912 2881 1122 2952 exultentium,
1143 2879 1193 2942 vel
1214 2900 1307 2960 usque
1325 2879 1364 2939 ad
1388 2880 1489 2940 interi-

527 2986 592 3038 tum
604 2978 747 3039 civitatis
788 2977 864 3038 Non
882 2999 967 3059 posse
980 2977 1159 3038 dissimulari
1173 2986 1226 3037 aut
1244 2977 1361 3049 nesciri,
1376 2997 1444 3058 qun
1457 2979 1489 3038 in

527 3085 690 3154 conspectu
711 3075 815 3157 populi
832 3074 965 3136 Romani
985 3077 1045 3135 sint
1065 3083 1144 3146 acta,
1164 3075 1221 3135 boc
1243 3075 1417 3155 inspiciente
1433 3095 1488 3134 cu-

528 3169 678 3251 pidimime
689 3172 858 3244 damnatos,
871 3173 1051 3253 quicumque
1064 3182 1118 3233 aut
1130 3172 1356 3253 publicanorum
1368 3161 1490 3232 fraudas

528 3270 659 3330 severius
665 3269 876 3342 vindicassent,
886 3279 939 3331 eut
945 3270 1064 3349 judicie
1071 3269 1250 3331 studuiment
1258 3267 1427 3340 emendare,
1434 3279 1490 3330 snt

465 3364 471 3376 ’
528 3386 716 3448 quecumque
728 3367 767 3427 de
780 3387 873 3428 ceusu
885 3369 992 3428 iratum
1006 3368 1084 3428 bunc
1096 3367 1230 3429 ordinem
1242 3367 1425 3428 babuiment.
1451 3401 1454 3408 ·

571 3470 621 3523 16.
642 3464 764 3540 ‘Quem
777 3466 856 3525 enim
869 3466 1049 3526 comminisci
1058 3485 1178 3526 censam
1191 3466 1282 3526 aliam
1296 3485 1393 3546 posse,
1403 3463 1487 3545 quod

529 3559 577 3621 Μ.
592 3559 723 3622 Scaurus
734 3565 871 3644 princeps
884 3572 1015 3635 senatus,
1035 3583 1206 3644 quenquam
1220 3563 1304 3624 aunis
1316 3571 1347 3623 et
1360 3581 1488 3641 corpore

529 3658 689 3730 invalidus,
700 3661 739 3720 sit
751 3661 934 3741 postulatus:
956 3662 1012 3720 nisi
1025 3662 1096 3741 quia
1106 3670 1138 3721 et
1147 3659 1222 3722 alins
1235 3681 1351 3741 semper
1361 3660 1487 3720 obstite-

528 3755 567 3814 rit
581 3755 684 3835 inique
696 3755 910 3836 flagitantibus,
924 3766 956 3818 et
967 3778 1061 3838 nuper
1074 3767 1177 3818 auctor
1191 3756 1291 3817 Druso
1303 3756 1393 3816 firerit
1400 3755 1485 3835 jndi-

527 3851 577 3910 cia
589 3851 776 3914 munaum
795 3853 1017 3944 consistendi?
1050 3853 1103 3914 (l.³
1123 3854 1246 3914 Cottum
1263 3853 1487 3914 disertissimum

414 3965 423 3979 ·
530 3946 749 4010 adolescentem
768 3971 829 4032 quo
851 3949 912 4010 elio
933 3951 1055 4011 crimine
1072 3950 1226 4022 cecidisse,
1238 3969 1330 4030 quem
1346 3946 1427 4029 quod
1441 3947 1484 4008 P.

529 4043 682 4106 Rutilium
700 4047 879 4108 avunculum
904 4067 988 4108 suum
1008 4048 1151 4118 inicus,
1175 4057 1286 4108 rectum
1307 4047 1434 4108 animum
1454 4053 1488 4105 et

461 4193 464 4200 .
529 4142 684 4203 ambitioni
697 4143 951 4224 impenetrabilem
965 4143 1160 4225 pretulisset?
1182 4141 1258 4204 Ideo
1269 4123 1487 4203 nimirnm'tan-

529 4238 568 4296 tis
582 4238 612 4299 in
627 4239 712 4302 illum
725 4241 831 4301 snimis
843 4241 931 4302 ivisse
944 4241 1035 4320 irstos
1051 4241 1185 4321 equites;
1208 4261 1247 4301 ne
1264 4259 1349 4300 suam
1363 4236 1487 4319 quidem

647 4442 650 4451 '
666 4435 670 4440 ’
769 4445 785 4490 t
803 4441 841 4492 Μ.
852 4454 900 4508 pro
913 4439 1091 4506 &legebatur
1103 4445 1164 4494 ante
1176 4441 1254 4492 cres.
1276 4519 1282 4530 .
