3300 5225
443 571 549 636 aruer
573 583 639 636 err.
658 583 985 636 surrnsururuu.
1185 567 1276 634 4929

152 747 222 790 nem
236 728 275 789 ab
289 727 436 790 Romanis
447 729 572 811 presidi
585 749 668 812 spem
680 729 776 790 venie
796 729 999 801 existimabat,
1014 744 1111 808 neque

153 823 193 884 ad
203 847 235 886 se
246 846 285 886 ex
298 827 405 908 opibus
412 828 541 910 paternis
548 828 708 909 quicquam
721 847 784 888 esse
797 836 1016 910 perventurum.
1036 825 1112 886 Non

152 921 606 1005 deerantqnihrecrelenentad
614 945 731 1006 regem:
746 923 939 988 multoscuim
949 922 1013 985 lilio
1025 942 1112 1004 aper·
1123 929 1183 983 Dio.
1234 1005 1238 1010 ,

107 1049 109 1052 ·
152 1027 201 1080 tos
210 1019 467 1104 clandestinosque
480 1023 619 1085 custodes
631 1031 820 1105 apposuerat.
830 1022 1043 1104 Compreheusi
1054 1019 1111 1099 igi·
1124 1048 1232 1116 ΛΡΜ

153 1125 204 1176 tur
212 1121 395 1180 consciorum
409 1119 556 1192 nonnulli,
568 1121 698 1200 tortique
711 1129 798 1180 sunt:
820 1141 876 1182 nec
885 1119 1048 1182 dubitabat
1059 1138 1112 1180 rex

153 1213 547 1296 insidiatoremtollere,nisi
561 1216 778 1299 Menophaucs,
787 1218 913 1278 ostensis
918 1217 1114 1278 incommodis

153 1331 228 1390 quae·
240 1314 296 1372 sub
309 1321 426 1395 tempus
441 1322 504 1374 tem
522 1312 693 1395 longinquae
709 1313 912 1396 expeditionis
926 1315 1059 1375 occisum
1076 1313 1113 1374 fi·

154 1405 229 1468 lium
240 1419 340 1470 ement
352 1419 500 1484 secutura,
514 1411 693 1492 perpulisset
704 1420 739 1471 ut
750 1412 871 1472 veniam
883 1411 1013 1472 offerret.

195 1513 247 1568 49.
269 1507 330 1568 Sed
351 1507 403 1568 ille
424 1507 542 1586 longius
562 1529 745 1589 progressum
764 1509 950 1581 existimans,
966 1527 1056 1588 qnam
1080 1515 1115 1566 ut

155 1613 239 1665 tutus
251 1603 319 1664 inde
331 1613 469 1687 receptus
481 1612 569 1678 esset,
583 1605 623 1666 ad
636 1606 694 1667 hoc
702 1607 816 1668 animos
829 1606 957 1668 militum
967 1625 987 1666 e
995 1625 1113 1686 suscep-

154 1709 188 1762 ta
199 1701 390 1783 expeditione
403 1704 559 1764 abhorrere
564 1704 827 1784 guerus,noctu,ad
833 1705 988 1786 primarios
997 1703 1114 1764 Rome

154 1819 259 1860 norum
279 1799 518 1880 transfugarum,¹
536 1801 589 1881 qui
609 1802 745 1883 proxime
768 1822 868 1881 regem
880 1801 1056 1874 tendebant,
1068 1803 1114 1862 in·

154 1897 314 1978 greditur:
347 1915 448 1958 cesum
471 1918 555 1958 suum
581 1900 759 1960 miseratur:
781 1898 913 1960 laborem
937 1899 1114 1980 improbum,

154 1994 300 2078 pericula,
321 1995 463 2067 miserias,
484 2016 553 2076 quae
572 2016 627 2077 per
648 2005 733 2058 tenta
758 1998 884 2057 marium
909 2007 1114 2076 terrorumque

155 2094 266 2175 spatia,
286 2095 425 2154 omnibus
442 2095 553 2175 ubique
572 2093 697 2166 infestis,
719 2093 844 2156 Italiam
857 2096 1001 2175 petituros
1012 2113 1115 2154 mane·

155 2199 234 2262 rent,
249 2199 431 2270 exaggeret:
452 2205 535 2272 spem
546 2211 566 2252 a
576 2211 607 2252 se
617 2191 792 2262 maximam,
805 2190 988 2272 honoresque
1000 2197 1033 2252 et
1044 2210 1117 2272 opes

155 2288 186 2346 in
197 2295 316 2369 promtu
327 2287 467 2360 ostendit,
481 2289 506 2348 si
520 2303 611 2366 regno
624 2288 688 2370 ipse
699 2288 841 2370 potietur.

195 2391 247 2446 50.
269 2383 372 2444 Facile
384 2383 576 2465 pessundetur
593 2385 693 2445 omnia
712 2383 887 2457 tristissima,
900 2383 1071 2466 siperducti
1084 2385 1115 2444 in

156 2479 280 2541 Italiam
293 2480 402 2552 forent,
410 2481 619 2542 metuentibus.
658 2480 822 2542 Mittuntur
830 2480 936 2542 eadem
945 2489 1033 2542 nocto
1042 2483 1116 2542 c'crti
1158 2526 1170 2539 r

155 2577 288 2639 homines
301 2579 341 2639 ad
355 2577 416 2639 alie
430 2579 529 2639 vicine
544 2586 643 2641 castra
656 2575 846 2640 solicitenda.
887 2575 959 2639 Nec
971 2597 1065 2651 mora,
1076 2579 1116 2639 ei-

155 2674 220 2736 mul
225 2695 294 2736 cum
299 2673 366 2736 luce
372 2674 588 2755 transfugarum
595 2674 862 2745 exoriturclemor;
875 2696 942 2735 cunr
955 2685 1116 2758 exceptum

156 2772 210 2834 elii
223 2783 396 2854 sequuntur,
410 2774 680 2853 transmittuntquc.
724 2772 778 2834 Sic
796 2772 970 2833 brevissimo
982 2780 1116 2853 tempore

156 2876 253 2931 totum
275 2870 387 2950 ubique
404 2871 580 2943 exercitum,
602 2878 693 2950 atque
712 2870 803 2929 etiem
823 2869 975 2929 nauticam
997 2870 1116 2930 turbem
1167 2912 1173 2924 ·
1266 2925 1269 2934 ,

155 2966 265 3028 seditio
283 2966 435 3048 percurrit.
478 2964 564 3027 Nam
581 2974 613 3026 et
632 2966 672 3025 ab
690 2966 799 3046 ignaris
812 2974 903 3027 antee
914 2966 1115 3046 simulcogni-

155 3072 221 3125 tum
239 3063 455 3145 probatumque
473 3063 646 3124 Pharnacis
663 3063 823 3124 concilium
841 3071 900 3135 est,
920 3062 1000 3123 iretis
1012 3062 1051 3123 ad
1069 3084 1117 3125 res

156 3180 251 3222 noves
270 3160 420 3243 plerisque
430 3182 439 3232 ;
462 3159 540 3231 eliis,
564 3159 645 3241 quod
668 3161 699 3221 iu
716 3159 883 3221 delectione
907 3161 1040 3220 omnium
1059 3160 1116 3220 soli

156 3257 266 3319 frustre
284 3265 396 3319 etcum
414 3258 506 3318 exitio
522 3258 646 3317 renisuri
665 3256 854 3319 videbantur.
896 3256 949 3319 Sic
961 3256 1002 3318 ad
1013 3258 1116 3319 urbem
1128 3303 1188 3355 Dio.
1297 3284 1302 3291 ·

156 3355 306 3437 pergitur:
328 3376 398 3415 nam
410 3355 604 3437 Panticapaei
618 3352 814 3416 Mithridates
823 3364 887 3415 tum
901 3355 1022 3435 egebat.

197 3458 249 3513 51.
271 3452 355 3529 Rex,
370 3452 498 3515 tumultu
519 3452 633 3525 audito,
656 3460 772 3533 partem
795 3472 896 3513 eorum
917 3471 993 3533 quos
1014 3472 1117 3513 secum
1192 3488 1196 3492 ·

157 3548 292 3611 habehat
307 3550 429 3611 obviam
447 3550 550 3621 mittit,
565 3568 633 3609 cum
645 3550 752 3610 ceteris
772 3549 835 3631 ipse
848 3562 1011 3611 secuturus
1053 3548 1117 3611 Sed

157 3654 190 3709 et
202 3646 248 3707 illi
257 3645 430 3708 deiecerunt
442 3644 481 3706 ed
494 3645 697 3716 Pharnacem,
711 3653 743 3706 et
754 3646 837 3717 urhs,
848 3665 907 3707 nou
920 3642 1021 3707 invitis
1032 3646 1117 3727 oppi-

156 3741 256 3815 danis,
283 3745 322 3804 ab
345 3742 451 3804 eodem
473 3751 622 3823 occupata
641 3751 706 3812 est;
739 3741 932 3802 Mithridates
949 3742 979 3801 in
1003 3744 1117 3821 regiam
1128 3771 1238 3839 Appias.

156 3840 302 3920 confugit.
345 3838 422 3901 Inde
441 3861 509 3901 cunr
523 3838 835 3911 misissetadmilites,
848 3840 1005 3920 quesitum
1020 3840 1116 3921 ‘quid
1176 3909 1181 3916 ,

154 3960 229 4020 ,ergo
239 3940 296 3999 nbi
309 3938 459 3999 vellentl'
481 3947 582 4021 aperte
597 3938 789 3999 Pharnacem
804 3935 993 4018 postularunt
1003 3948 1115 4017 regem,

192 4171 257 4224 ¹Ad
293 4174 423 4238 primarios
457 4172 619 4222 Remum
655 4168 852 4232 clnculum...
865 4168 968 4228 duitor:
985 4168 1117 4237 tuerere

158 4238 352 4301 emergerem]
368 4238 420 4288 llic
433 4239 459 4288 in
475 4240 559 4287 levem
578 4251 618 4286 er·
655 4236 815 4286 Romnum
828 4236 907 4299 prino
922 4236 1063 4299 Μυίας..
1076 4254 1116 4288 u.

159 4318 245 4353 rorem
275 4303 379 4353 induxit
411 4296 619 4353 Freinshemiurn
654 4303 700 4363 rrr't.
734 4302 838 4351 Primos
853 4302 1116 4355 solicitsrlttrsnrlu·

158 4368 275 4432 Appisni
287 4369 427 4431 interpres.
454 4370 550 4419 Grues
562 4382 620 4417 ver·
655 4382 709 4429 gas,
721 4365 816 4417 deinde
834 4372 863 4417 ct
879 4366 944 4419 alios
956 4368 1118 4422 Mithridatis

159 4434 195 4487 bs
206 4440 277 4500 suut,
289 4434 315 4485 lr
324 4433 429 4500 πρόγονε
438 4432 622 4499 volumem
656 4434 761 4486 milltes.
780 4434 852 4485 Creu·
