3300 5225
398 553 487 622 4000
873 577 908 626 r.
931 578 1028 628 urvrr

560 737 616 780 sna
626 721 755 793 retineri,
768 721 849 802 quod
868 733 934 785 erat
953 724 1168 807 asperrimnm‚’
1188 727 1257 803 (nec
1276 727 1354 786 enirn
1377 727 1429 788 alii
1449 729 1506 789 boc

560 823 749 898 censuerant)
764 820 956 900 repugnavit:
978 821 1098 904 illisque
1114 821 1332 895 desistentibus,
1345 825 1508 906 appellavit

561 914 703 976 tribunos.
736 913 814 976 Gom
824 936 921 997 neque
933 917 1044 978 tribuni
1054 919 1282 992 intercederent,
1293 922 1508 1004 coosnlqronte

397 1013 495 1066 Sallust.
561 1013 660 1082 cessit,
680 1031 806 1094 eamque
830 1016 1119 1095 sententiae-partem
1138 1017 1258 1076 remisit.
1311 1017 1456 1096 Magnam
1472 1039 1508 1080 es

561 1104 625 1168 dies
635 1106 743 1169 Catoni
752 1109 957 1172 celebritatem
970 1111 1082 1184 attolit,
1092 1111 1169 1173 adeo
1182 1113 1444 1195 incomparabilem
1458 1136 1509 1197 pro

561 1203 715 1285 republica
727 1215 758 1266 et
770 1205 892 1266 honesto
902 1209 1034 1269 animum
1047 1208 1181 1270 attulisse
1192 1210 1266 1283 riso,
1287 1219 1322 1271 ut
1334 1214 1431 1291 major
1444 1231 1509 1292 purs

398 1293 550 1346 vell-¹¹³⁸·
561 1311 679 1362 senatus
692 1303 850 1364 abeuntem
858 1303 980 1365 domum
993 1314 1227 1386 prosequeretur.

397 1389 508 1457 Appisn.
602 1405 672 1459 104.
693 1397 806 1460 Consul
822 1401 951 1481 opperiri
965 1409 1093 1473 noctem,
1111 1401 1231 1482 nequid
1244 1422 1296 1483 per
1307 1421 1375 1462 eam
1388 1421 1508 1464 ιιοιιιιι-

397 1488 496 1540 ⁸⁸¹¹*st-
562 1505 621 1568 tur,
635 1495 738 1556 inutile
759 1505 853 1568 ratus,
866 1499 1035 1559 triumviros
1053 1498 1200 1580 capitales
1218 1519 1321 1581 parare
1334 1519 1404 1580 ann
1422 1501 1509 1581 perti·

398 1585 465 1636 ΡΜ·
480 1585 533 1638 0¹⁶·
561 1603 650 1654 neant
663 1593 702 1655 sd
715 1593 892 1678 supplicium
898 1596 1006 1675 jubet:
1027 1605 1058 1656 et
1071 1597 1214 1678 presidiis
1229 1597 1380 1678 dispositis
1401 1597 1510 1658 lentu-

561 1689 623 1751 lum
636 1711 653 1752 e
667 1691 793 1754 Palatio
814 1713 867 1774 per
886 1693 1009 1754 Sacram
1021 1693 1100 1754 viam
1120 1693 1308 1774 mediumque
1329 1693 1429 1754 iorum
1450 1695 1511 1776 ipse

561 1785 654 1849 ducit.
695 1789 854 1872 Principes
872 1801 992 1852 senatus
1010 1791 1162 1852 consulem
1180 1791 1353 1872 stipabant:
1374 1791 1509 1872 populus,

561 1886 762 1964 magnitudine
788 1890 831 1948 rei
857 1889 1010 1960 attonitus,
1039 1908 1107 1968 cum
1130 1888 1249 1948 horrore
1269 1897 1302 1948 et
1324 1890 1510 1948 veneratione

563 1984 744 2064 preteribat
786 1984 833 2045 Ut
845 1995 965 2047 rentum
982 1986 1023 2046 ad
1033 2005 1181 2046 carcerem
1192 1993 1249 2056 est,
1261 1984 1390 2044 demisso
1400 1985 1430 2044 iu
1439 1984 1510 2044 Tul·

452 2093 466 2125 ¹¹
563 2080 674 2142 lienum
686 2081 812 2142 lentulo
825 2083 896 2162 gula
905 2083 1012 2164 laqueo
1021 2083 1175 2162 frangitur.
1195 2081 1302 2142 Idem⁷
1316 2080 1353 2142 lit
1365 2080 1510 2161 Cethego,

564 2177 696 2251 Statilio,
710 2177 856 2252 Gabinio,
867 2189 900 2240 et
916 2179 1056 2262 (lapario,
1067 2201 1142 2262 qnos
1160 2188 1301 2260 pretores
1315 2179 1510 2240 adduxerant.

431 2257 446 2290 ¹⁸
564 2274 689 2348 consul,
711 2285 846 2356 spectato
870 2277 1018 2358 supplicio
1039 2277 1220 2356 digrediens,
1244 2295 1312 2336 cnm
1331 2275 1511 2356 freqnffltern

563 2371 660 2433 adhuc
682 2373 711 2432 in
728 2373 794 2434 foro
810 2373 926 2436 videret
947 2375 1077 2448 turbam
1099 2375 1184 2435 velut
1203 2383 1321 2434 noctem
1340 2373 1512 2452 effringendi
1621 2430 1622 2461 ,

562 2471 689 2531 carceris
700 2491 792 2532 causa
801 2473 1034 2554 expectantium,
1043 2473 1106 2535 alta
1117 2493 1191 2533 voce
1201 2471 1416 2552 pronuntiarit,
1428 2473 1513 2532 ‘vix-

563 2577 649 2629 erunt
660 2569 679 2629 :’
693 2569 749 2631 boc
762 2571 840 2631 enim
853 2571 943 2634 verbo
956 2568 995 2632 ad
1008 2571 1110 2633 mortis
1122 2567 1292 2632 evitandum
1302 2587 1388 2630 omen
1402 2578 1512 2631 veteres

564 2668 731 2727 utebantur.

608 2770 678 2824 100.
702 2762 834 2824 Domum
846 2760 954 2823 deiide
971 2764 1038 2843 jam
1050 2770 1147 2845 ooepta
1160 2772 1247 2825 nocte
1259 2762 1432 2824 redeuntem
1448 2780 1513 2823 cnm

563 2860 670 2940 plansu
683 2870 714 2921 et
726 2860 803 2921 laetis
816 2859 1082 2923 acclamationibus
1093 2860 1220 2922 deduxit
1235 2860 1385 2943 populus3
1407 2870 1513 2921 metro

564 2960 611 3019 nls
627 2960 718 3019 etiam
741 2959 860 3019 lionoris
871 2960 938 3038 ejus
949 2978 1052 3028 cansa,
1064 2958 1211 3039 simulque
1231 2966 1409 3019 servatorem
1424 2956 1515 3017 Urbis

563 3054 684 3117 videndi
697 3054 848 3137 cupidine,
860 3054 899 3115 de
911 3056 1000 3117 tectis
1010 3055 1200 3117 efferentibus
1212 3056 1304 3117 facea
1348 3055 1516 3135 Proseque·
1619 3097 1621 3101 ι

564 3153 672 3213 bantur
683 3172 751 3213 eum
765 3152 896 3234 primarii
912 3152 980 3224 viri,
995 3154 1085 3232 gestis
1102 3151 1241 3233 preclare
1254 3152 1354 3224 rebus,
1366 3160 1398 3212 et
1415 3152 1515 3211 trium-

565 3252 688 3332 phorum
701 3248 857 3331 splendore
867 3248 1000 3311 nobilest
1021 3249 1129 3331 quibus
1141 3270 1200 3310 non
1213 3249 1292 3310 nlius
1302 3248 1515 3310 intereundum
1567 3277 1570 3283 ·

564 3366 659 3409 sermo
672 3357 746 3419 erat,
762 3368 854 3427 qnam
875 3356 928 3407 ‘se
948 3347 1069 3429 quidem
1091 3356 1123 3408 et
1142 3347 1253 3407 similes
1274 3346 1351 3407 alios'
1364 3348 1515 3427 imperinm

565 3444 720 3524 protulisse
733 3444 839 3525 populi
849 3444 1000 3515 Romani:
1023 3454 1169 3506 serratum
1182 3444 1325 3525 populum
1344 3442 1515 3504 Romanum

564 3559 632 3601 cunr
646 3541 770 3621 imperio
788 3549 819 3601 et
839 3542 1076 3622 imperatoribus,
1093 3543 1179 3602 nnius
1192 3540 1347 3602 Ciceronis
1359 3560 1437 3621 opus
1448 3560 1515 3599 erse.

566 3635 660 3697 Hunc
673 3658 731 3699 non
750 3640 896 3710 exercitu,
917 3640 1061 3719 neqneyi
1082 3640 1222 3709 militum,
1235 3638 1288 3698 sed
1309 3640 1372 3698 suis
1390 3636 1517 3697 consiliis

564 3742 725 3815 togataque
744 3734 849 3795 nixum
867 3734 1021 3806 industria,
1044 3744 1160 3796 tantum
1180 3734 1360 3804 incendium,
1375 3754 1436 3815 qno
1448 3753 1516 3793 con-

566 3829 727 3910 flagratnra
740 3831 963 3912 opulentissima
974 3839 1042 3912 post
1059 3831 1191 3891 homines
1202 3840 1288 3892 natos
1300 3832 1409 3891 civitas
1421 3829 1516 3899 luerit,

566 3930 697 4009 quinque
711 3927 871 3988 admodum
881 3930 1039 3988 noxiorum
1051 3929 1194 4008 sanguine
1208 3927 1400 3988 restinxisae!

607 4030 677 4085 100.
699 4022 810 4105 Neque
831 4024 973 4105 deinceps
993 4032 1048 4084 aut
1067 4025 1096 4083 in
1120 4026 1229 4095 rostris,
1242 4034 1296 4085 aut
1314 4024 1344 4083 iu
1362 4024 1447 4083 curia
1463 4022 1514 4081 ari·

404 4129 622 4251 1‚llppiunetnus
644 4124 672 4184 ei
695 4124 813 4186 honoris
837 4126 876 4185 ab
899 4124 1012 4206 optimo
1033 4144 1157 4205 quoque
1175 4123 1307 4184 delatum
1330 4133 1386 4183 est.
1439 4122 1513 4182 Cato

454 4212 472 4249 l.

403 4222 489 4317 iul’is.
498 4202 556 4317 οὓς
568 4230 647 4283 certe
671 4242 724 4303 pro
746 4223 900 4292 concione,
931 4220 1038 4281 deinde
1062 4222 1104 4289 Q.
1127 4220 1254 4282 Catulus
1283 4218 1513 4301 sequentianno

875 4418 891 4463 7
912 4412 1043 4466 luserit
1057 4422 1119 4465 ante
1130 4385 1208 4465 Cres.
