3300 5225
338 573 444 622 nram
472 568 673 620 nxxxvrrr.
696 571 1022 624 susrrnnsmuruu.
1151 553 1241 622 tw?

124 719 229 778 tineus.
272 716 384 799 Neque
397 727 495 777 temen
507 715 621 779 effioere
633 718 743 798 potnit,
756 737 793 778 ne
806 717 908 778 multis
916 717 1078 778 amisorum

125 815 395 895 familiariumque²
407 815 593 887 cadentibus,
607 816 771 897 permixtus
783 816 893 896 agmini
902 814 1078 894 fugientium

126 913 155 973 in
167 921 268 972 oestro.
279 933 334 988 sua
346 911 547 993 repelleretur.

165 1017 216 1070 14.
237 1009 281 1070 Et
289 1007 551 1070 instabstfortunae
560 1009 726 1082 Telesinus,
734 1018 857 1090 totaque
865 1008 1079 1080 solitsnseoie,
1090 1014 1157 1066 vett.

125 1114 135 1143 ‘
150 1105 252 1167 edesse
271 1107 417 1169 Romenis
432 1097 572 1167 'ultimum
585 1106 676 1179 diem,
690 1107 850 1168 eruendam
862 1106 1079 1187 delendamque

126 1205 258 1275 Urbem
284 1225 434 1285 nunquam
456 1202 608 1266 defuturos
633 1213 765 1287 raptores
792 1205 910 1267 Italion
935 1205 1081 1265 libertatis

123 1301 221 1382 lupos,
236 1303 268 1362 ni
279 1302 366 1382 sylve
379 1303 409 1362 in
422 1321 513 1382 quam
526 1297 659 1381 refugere
673 1301 811 1374 solerent,
824 1310 902 1364 esset
913 1302 1036 1376 exeisa,'
1049 1311 1081 1362 et

124 1398 186 1460 elie
211 1400 397 1462 incendendo
420 1399 508 1460 militi
536 1400 735 1462 acclamabat.
778 1400 876 1480 Igitur
902 1401 1004 1462 mult'u
1027 1391 1159 1481 quiPlut.

122 1506 290 1578 spectatum
313 1498 495 1580 prodierant,
517 1497 557 1560 sd
571 1498 686 1560 Urbem
699 1497 923 1578 refugientibus,
944 1519 1029 1559 senes
1040 1499 1081 1560 sd
1093 1479 1202 1548 Appiae.

36 1611 41 1621 ·
122 1595 289 1656 custodiam
309 1605 460 1680 porterum
478 1597 598 1669 relicti,⁸
610 1597 740 1658 olsustm
759 1597 958 1658 demiserunt:
973 1597 1082 1677 quibus

121 1703 156 1755 et
167 1695 220 1756 elii
235 1694 384 1767 mortales,
403 1704 435 1756 et
452 1695 576 1776 quidem
588 1704 753 1756 senetomm
768 1695 834 1754 elisi
846 1704 926 1755 snnt.
966 1693 1079 1754 Tenta-

121 1813 182 1872 que
201 1791 329 1853 formido
345 1793 414 1866 fuit,
428 1803 462 1854 ut
478 1793 690 1875 propemodum
709 1793 823 1853 solutus
839 1793 995 1854 obsidione
1009 1791 1079 1852 Ms-
1092 1809 1158 1860 Plus

120 1889 183 1948 rius
197 1885 296 1962 fierit,
310 1889 481 1970 quie-multi
494 1889 566 1968 fuga
578 1888 617 1951 ed
634 1889 805 1951 Lucretium
824 1889 929 1960 deleti,
951 1888 1081 1971 perditas
1112 1959 1120 1971 ·

121 2006 181 2058 res,
195 2007 365 2068 oppressum
380 1985 510 2067 Syllam,
524 1996 701 2068 oocupstsm
716 1986 833 2046 Urbem
845 1988 1032 2047 nuntiabant.

165 2091 216 2144 15.
238 2083 391 2156 Ceterum,
418 2084 569 2144 annitente
602 2085 790 2164 imperatore,
815 2092 848 2144 et
862 2083 944 2164 'quie
969 2083 1082 2144 elensis
1091 2092 1209 2160 Appius..

119 2181 217 2262 portis
240 2180 322 2242 aliud
340 2180 509 2263 presidium
532 2181 646 2241 nullum
666 2189 829 2262 supererat,
846 2182 982 2241 restitute
1001 2183 1082 2242 scies

119 2287 186 2340 est:
210 2277 389 2359 demumque
409 2287 477 2359 post
493 2277 617 2359 primam
637 2277 732 2338 noetis
749 2277 853 2338 boram
871 2279 1004 2360 superior
1016 2275 1081 2338 ess'e

120 2397 169 2436 res
192 2374 336 2437 Romane
357 2377 458 2457 coepit
499 2373 668 2455 Reliquum
694 2377 789 2438 noetis
809 2374 944 2436 oedibus
963 2375 1158 2448 detum,Ve1t

119 2483 280 2554 oestroque
303 2473 430 2533 bostium
448 2482 540 2554 cepta
562 2481 640 2533 sunt.
683 2473 799 2552 Magna
815 2472 858 2532 ibi
878 2481 990 2551 streges
1009 2473 1079 2545 fnit,
1092 2457 1201 2524 ²²9le·

120 2570 205 2651 qnod
218 2571 378 2652 imperator
391 2569 539 2642 edixerat,
557 2577 616 2630 ‘ne
637 2569 705 2651 quis
724 2567 843 2631 Semnis
860 2560 1079 2652 vivus'espere·
1107 2587 1189 2638 surb.
1202 2604 1229 2639 v.

120 2670 192 2729 tur!
235 2666 289 2727 Ad
303 2668 520 2749 quinqusg'mte
532 2668 681 2727 bominum
696 2652 950 2746 millis'utrimqne
961 2665 1080 2729 deside-
1092 2668 1118 2767 fi
1129 2658 1188 2729 ³4⁹·

119 2763 352 2825 medicantur.
395 2764 433 2826 In
446 2763 813 2825 metuisnunesis
856 2762 1008 2825 roseis.
1021 2764 1079 2826 re·
1094 2733 1203 2833 vlim'

119 2862 233 2923 lesinus
244 2862 426 2923 semianimis
436 2870 568 2944 repertus
579 2870 635 2933 est,
649 2862 769 2923 victoris
782 2861 877 2941 megis
889 2882 980 2942 quam
992 2865 1080 2923 mori-

119 2960 199 3019 entis
209 2958 308 3021 vultu.
350 2958 453 3041 Caput
475 2960 636 3020 abscissum
654 2977 722 3019 oum
741 2958 945 3041 Damasippi?
957 2960 1081 3033 Marcii,
1109 2971 1160 3022 Dio
1178 2986 1220 3038 sp.

122 3056 348 3137 Carrinetisqne
371 3057 530 3139 capitibus,
558 3056 609 3137 qui
635 3054 719 3138 oepti
742 3058 771 3117 in
786 3054 870 3136 'fuga
890 3054 1017 3129 fuerent,
1041 3038 1201 3169 “dmm

121 3153 295 3215 Lucretium
309 3154 397 3215 misse
409 3164 488 3226 sunt,
499 3162 533 3215 ut
545 3155 672 3215 obsessis
682 3154 839 3215 Praeneste
849 3152 1081 3215 ostenderentur.

163 3258 214 3313 16.
237 3252 401 3313 Hsotenus
410 3252 511 3313 omnis
524 3250 618 3333 Syllae
631 3253 787 3335 preclare,
801 3261 855 3313 ent
871 3252 976 3313 saltem
989 3270 1082 3311 exou-

117 3350 216 3411 ssnds
233 3350 423 3413 ridebuntur.
445 3349 638 3432 Recuperste
650 3352 831 3433 respublica,
845 3360 932 3433 perte
942 3349 1080 3432 pulcher·
1094 3368 1147 3421 nv,
1157 3364 1226 3433 Epir.

119 3448 198 3509 rima
223 3450 363 3520 victoris,
390 3450 492 3529 petriae
518 3447 689 3531 impendens
714 3448 879 3529 perieulum
910 3468 1026 3508 summe
1049 3448 1080 3509 si

86 3571 89 3579 ·
118 3546 291 3628 depulsum,
311 3546 544 3607 immortalised
561 3545 941 3628 glorismfeoinoreerant:
965 3545 1081 3606 Dama·
1109 3564 1235 3617 sarm,

117 3645 239 3727 sippum
250 3646 355 3717 etism,
366 3652 397 3705 et
409 3642 485 3705 elios
497 3644 643 3724 ejusmodi
657 3645 774 3705 miseris
787 3644 909 3726 publiea
920 3644 1080 3724 saginatos,
1093 3648 1116 3684 ⁰·
1125 3637 1166 3683 ⁵¹·

319 3833 336 3880 2
354 3828 557 3895 Fusstts'ssusrqse
567 3827 706 3893 legebatur
717 3834 779 3879 snte
790 3828 868 3878 Cres.

536 3956 705 3981 mum

158 4053 173 4081 ⁸
185 4048 257 4099 &m
269 4051 303 4099 sd
316 4048 450 4101 modium
463 4054 587 4116 pertusa
656 4049 847 4163 tvansstnp'p
874 4046 954 4098 liuns
975 4045 1082 4112 quidem

839 4130 854 4163 θ

115 4112 218 4177 relicti]
228 4113 395 4165 veldenobts
403 4117 587 4179 suspeetisunt
623 4116 741 4165 nominet
757 4117 813 4165 inte
855 4121 928 4165 etum
946 4112 997 4162 boe
1017 4117 1082 4162 tem·

113 4177 165 4227 illi
176 4191 248 4243 m,
258 4194 290 4229 eo
300 4180 405 4244 quidem
416 4183 507 4246 magis,
517 4180 586 4246 qnod
623 4194 687 4243 pore
699 4182 761 4231 Dio.
785 4179 838 4231 Sed
851 4195 884 4230 ex
897 4176 1019 4243 Appiano
1029 4177 1082 4228 oot-

114 4242 180 4293 boe
195 4244 251 4295 loon
270 4244 384 4313 Appiani
401 4254 491 4299 textus
502 4250 585 4298 meni·
623 4246 668 4309 ligi
679 4246 850 4309 potentinum
869 4254 933 4295 tone
947 4241 1101 4307 11111ςὶ110.-

117 4298 503 4369 smviurmsestmeestiud
512 4312 583 4378 qnie-
623 4312 659 4362 Et
671 4310 703 4362 sd
714 4326 772 4361 enm
784 4308 919 4361 referimus
927 4324 960 4361 es
972 4323 1029 4373 que
1038 4308 1083 4356 ba·

115 4376 207 4480 ποθὶ
216 4376 330 4482 ῗῆκίυὴεί,
340 4377 388 4426 nlsl
399 4376 422 4426 ol
435 4374 460 4427 dl
470 4376 583 4443 stema
621 4376 670 4492 get
681 4376 896 4493 flmmeum
918 4390 976 4443 seq.
997 4374 1031 4424 (le
1050 4372 1082 4423 1..

200 4462 207 4479 ·
284 4466 292 4483 ·
649 4456 678 4491 rn
713 4456 788 4493 nese.
828 4456 878 4492 m.

196 4509 315 4577 napus
328 4512 463 4568 mecm.
625 4521 721 4573 mss.
1105 4516 1178 4568 rsz
