3300 5225
239 1029 1141 1154 SUPPLEMENTUM

491 1293 630 1365 LIBRI
665 1290 875 1367 LXXXII.

470 1540 908 1620 HiSTORIARUM
1036 1604 1041 1609 ,

278 1776 340 1863 Τ.
402 1776 609 1866 L'IVII
671 1774 1085 1868 PATAVINI.

537 2046 843 2061 w

135 2314 159 2367 l.
170 2277 389 2371 Exrnnmo
410 2308 445 2371 L.
459 2307 566 2390 Syllae,
586 2308 837 2391 quemadmodum
855 2307 928 2369 nihil
943 2316 1005 2369 tum
1024 2308 1079 2368 ob·
1091 2317 1228 2384 Plutsyn.

136 2406 247 2469 noxium
259 2407 414 2467 hominum
421 2406 706 2489 Judiciisestquem
719 2408 932 2489 imperatorum
943 2402 1079 2477 consiliu,
1245 2397 1249 2404 ’

134 2502 314 2585 eplerisque
331 2505 615 2586 reprehendebatur,
636 2504 845 2586 quod,reiicto
867 2502 977 2565 Attico
997 2522 1079 2581 egro,

133 2600 179 2662 ubi
189 2610 308 2684 propter
320 2602 508 2684 asperitatem
526 2601 659 2664 locorum
680 2604 769 2686 peuci
789 2602 925 2685 pluribus
945 2600 1079 2662 resistere

133 2709 252 2778 ponent,
277 2698 405 2761 Boeotiae
424 2710 596 2782 componet
616 2709 750 2782 apertum
769 2699 937 2781 planitiem,
957 2718 1079 2758 numero

133 2798 286 2873 presertim
310 2798 443 2879 equitum
464 2806 550 2858 tento
572 2796 700 2869 inferior,
722 2799 895 2878 optavisset.
936 2796 1078 2857 Ceterum

133 2893 222 2974 Sylla,
238 2905 347 2976 praeter
359 2895 478 2956 insitum
493 2894 650 2956 eudeeiem
666 2904 766 2957 motus
781 2894 880 2956 ceueie
894 2895 1014 2954 minime
1032 2894 1075 2953 in-

133 2993 229 3052 anibus
247 2992 419 3063 videbatur,
441 2991 534 3073 quod,
557 3001 672 3054 retente
691 2992 872 3073 Munycbie,
893 2989 1079 3051 Archelaum

132 3089 182 3150 hoc
194 3088 381 3168 intelligebat
392 3108 489 3168 agere,
506 3098 542 3150 ut
557 3089 693 3156 ducendo
705 3089 797 3160 bello,
818 3088 975 3149 Romanos
987 3089 1018 3147 in
1031 3108 1077 3147 re·

133 3186 210 3264 gione
227 3185 321 3248 sterili
341 3194 559 3248 commeatuum
577 3187 677 3268 inopie
696 3196 853 3268 premeret.
893 3184 980 3265 Ager
998 3185 1077 3244 enim

102 3329 105 3340 .
132 3281 244 3344 Atticus
256 3305 296 3345 ne
309 3304 363 3365 per
374 3303 480 3364 pecem
492 3284 613 3365 quidem
625 3293 739 3346 numm
758 3283 839 3345 clere
858 3281 1077 3343 multitudinem

133 3389 256 3458 poteret:
278 3382 499 3443 subvectionem
521 3401 646 3442 ennonoe
663 3382 726 3462 ipse
746 3381 834 3452 meri,
856 3378 981 3441 Taxilen
1000 3388 1079 3440 wne

133 3477 203 3537 hsud
215 3497 324 3558 magno
337 3479 456 3557 negotio
468 3487 554 3539 erent
567 3477 753 3559 prohibituri.

167 3581 194 3635 2.
216 3575 388 3637 Adversum
405 3575 472 3636 baec
490 3595 527 3637 ee
545 3576 620 3640 ratio
641 3573 736 3656 Syuae
754 3584 830 3645 eret,
852 3583 886 3634 ut
904 3593 973 3635 cum
993 3573 1077 3634 boete

132 3674 220 3750 potius
231 3672 308 3744 eoic,
326 3691 415 3754 quern
428 3672 516 3734 simui
530 3671 670 3733 adversus
682 3671 794 3733 hostem
808 3671 976 3751 famemque
988 3668 1077 3729 dimi·

132 3779 213 3830 cenet.
255 3769 311 3832 Ad
324 3771 380 3832 boc
395 3769 527 3852 periculo
542 3769 577 3830 L.
590 3769 746 3831 Hortensii
759 3769 953 3838 movebatun
974 3786 1076 3848 quem,
1090 3767 1214 3846 Mopsus·

132 3887 220 3928 eorem
231 3868 330 3928 uirum
340 3877 372 3929 et
383 3867 526 3949 propoeiti
545 3874 691 3938 tenacem,
711 3886 778 3926 cum
794 3867 889 3947 copiis
909 3884 968 3926 uon
982 3864 1076 3945 poeni·
1089 3832 1206 3948 vffifp'

132 3963 220 4024 tendis
231 3964 270 4025 ed
284 3985 317 4025 se
329 3985 368 4026 ex
378 3963 534 4026 Themidis
543 3983 677 4046 pergere,
695 3963 793 4024 hostes
803 3973 903 4026 autem
911 3963 941 4021 in
950 3960 1076 4021 ibesec-
1087 3961 1155 4042 Prue
1194 4028 1200 4041 ,

132 4059 195 4121 lium
206 4064 343 4144 irrupisse
356 4071 496 4124 noverat:
511 4071 542 4123 et
553 4063 609 4123 nisi
621 4061 833 4133 subveniretur,
847 4081 885 4121 ne
898 4059 1077 4139 ubicumque
1088 4026 1221 4144 {iffa

132 4156 320 4238 deprehensus
338 4180 469 4241 pugnum
487 4160 537 4222 vel
554 4179 623 4220 cum
640 4160 736 4220 exitio
754 4167 891 4227 sumeret,
911 4157 1075 4218 'metuebat

133 4251 186 4314 Sed
200 4255 395 4318 Hortensium
408 4255 530 4337 quidem
543 4256 658 4338 Gephis
672 4255 806 4318 Boeouus
818 4275 870 4336 per
883 4253 974 4314 elium
985 4273 1076 4334 quem

133 4371 185 4430 que
198 4363 351 4415 uenturum
367 4355 487 4416 barbari
503 4355 744 4436 opperiebantur,
766 4355 845 4415 viam
865 4350 1076 4422 circumduxit,
