3300 5225
440 526 548 577 araur
573 516 711 577 xovrrr.
733 524 1061 579 aurrnnunuruu.
1220 512 1310 580 4863

190 669 358 750 antiquitas
382 664 573 733 Pereioarum
599 670 732 733 Deorum
757 670 844 734 orritn
865 671 996 751 celebra,
1026 671 1067 733 ab
1092 668 1148 732 illa

188 766 278 829 elada
300 766 409 828 Triarii
431 788 569 850 magnam
589 770 730 853 demoepa
749 771 781 833 in
802 770 864 833 illie
882 770 1017 852 partibus
1037 769 1145 831 nohili-

189 872 285 925 tatem
300 863 416 926 habuit.
812 918 815 927 .

231 968 283 1023 92.
312 960 392 1023 Gu-
415 962 462 1023 irie
482 970 667 1027 eontraotum
688 974 760 1043 pute
781 965 882 1028 lunam
902 972 1054 1025 oertnmen
1074 984 1143 1025 oum
1157 968 1215 1023 Dio.

187 1066 283 1119 mtam
299 1059 571 1122 Mithridaticam
590 1063 696 1125 virium
713 1062 821 1125 molem
835 1063 1023 1132 attraximen
1043 1062 1143 1123 multi·
1220 1081 1225 1105 ι

186 1156 291 1218 tudine
303 1156 505 1231 barbarorum,
525 1168 557 1219 et
568 1160 686 1220 initium
698 1160 831 1222 viatoria
842 1158 973 1219 faciente
985 1178 1065 1239 rege,
1085 1161 1142 1220 oir-

185 1261 349 1315 eumrenta
362 1253 568 1317 Romanorum
585 1258 666 1318 aeiee
681 1266 737 1330 eat,
755 1257 903 1337 multique
920 1258 951 1317 in
971 1256 1039 1319 loeo
1051 1257 1142 1318 inter·

184 1350 276 1412 faeti:
290 1349 899 1437 muitoaouminoampoeaereoepiaaent,
911 1352 1144 1433 ignarifluminie
1171 1367 1305 1425 suanus.

186 1456 301 1529 partem
320 1446 394 1525 (Iria
412 1468 466 1531 per
481 1468 519 1511 ea
537 1448 605 1511 loen
625 1450 750 1531 labitur)
765 1451 796 1511 in
811 1470 864 1512 eoa
882 1450 1049 1511 derivatam
1066 1470 1141 1523 eane,
1154 1438 1294 1553 ffiffif‘s

182 1545 355 1627 oompnieoe
366 1547 397 1606 in
408 1564 555 1609 munnam
566 1546 686 1620 soum,
698 1548 771 1629 quia
784 1566 948 1629 repugnare
957 1546 1143 1629 lapsantibus
1170 1559 1279 1679 App?
1295 1536 1304 1555 ’
1345 1579 1350 1587 ·

183 1642 317 1722 remigiis
329 1643 505 1725 nequibant,
518 1644 638 1726 impune
651 1644 877 1707 oeuidithoetin.
1153 1636 1179 1676 θ’

225 1744 277 1799 93.
298 1736 370 1801 Neo
381 1738 532 1820 effugisset
540 1741 710 1821 quiequam,
724 1742 780 1803 oiri
790 1749 1014 1824 persequentem
1026 1741 1142 1821 aquitae

183 1834 394 1897 Mithridatem
414 1838 547 1898 centurio
563 1836 720 1899 Romam
738 1838 833 1899 atrooi
852 1837 974 1899 vulnere
993 1838 1024 1897 in
1043 1837 1141 1899 iemnr

183 1931 293 1995 adnoto
310 1934 440 1996 etitiaaet.
480 1933 655 2015 Transfugae
677 1934 810 1997 Romani
830 1934 913 2017 apud
934 1952 1032 2015 regem
1053 1934 1140 1996 multi

181 2041 278 2092 erant.
320 2030 371 2091 Ex
383 2032 541 2111 eo'genere
553 2032 632 2093 huno
648 2032 740 2093 etiam
755 2052 819 2094 eree
826 2035 920 2113 juxta
930 2050 1042 2113 equum
1053 2050 1139 2091 mrum

181 2125 236 2187 diu
260 2136 429 2189 currentem
448 2128 639 2211 conspicatus
655 2130 846 2191 crediderat:
876 2128 986 2191 deinde
1009 2148 1043 2189 ee
1063 2144 1138 2210 prm«

182 2222 291 2285 baerat
315 2234 458 2307 tanquam
482 2226 581 2287 dioere
604 2225 721 2307 aliquid
747 2226 890 2307 cupienti.
936 2226 1138 2287 Pemuaeore
1268 2298 1273 2312 .

180 2322 307 2401 vestigio
327 2324 463 2385 ooneiaue
482 2332 528 2384 eet
547 2343 566 2384 a
588 2323 741 2405 proximis.
782 2322 902 2401 Regem
920 2324 950 2382 in
969 2331 1137 2383 extremum
1150 2330 1258 2397 Appiae.

181 2436 288 2497 agmen
309 2420 398 2481 amini
419 2429 603 2503 receperunt,
631 2422 806 2502 signumque
827 2419 973 2481 dederunt
994 2422 1137 2501 reeeptni.

181 2514 299 2578 Milites
316 2518 416 2579 nubite
436 2540 468 2580 re
488 2519 662 2601 perturbati,
686 2527 844 2601 poatquarn
866 2518 1054 2578 vulneratum
1074 2538 1139 2577 aeae

180 2635 281 2695 regem
298 2616 467 2689 audierunt,
486 2615 674 2680 interiectum
691 2617 760 2687 rati,
780 2617 884 2678 atatim
905 2617 937 2676 in
954 2635 1063 2697 eampo
1080 2617 1137 2677 oir-

177 2711 394 2775 oumdederuut
404 2713 553 2775 lecticam.
563 2743 566 2748 ·
586 2712 683 2793 Igitur
695 2721 730 2773 ut
741 2714 903 2795 spirantem
915 2722 1137 2793 eognoaoerent,

177 2805 353 2871 Timotheus
369 2811 513 2884 medicus,
527 2813 594 2892 jam
611 2811 745 2872 cohibito
763 2811 918 2890 sunguine,
937 2809 1137 2872 refocillatum

176 2903 218 2966 rie
234 2909 381 2988 superiore
393 2905 462 2969 loeo
474 2908 612 2970 ostendit.
649 2907 728 2968 'Rex
744 2906 834 2968 ainml
851 2905 891 2968 ad
908 2927 940 2968 ae
959 2905 1059 2978 rediit,
1076 2908 1135 2984 rig·

177 3021 251 3064 num
268 3005 401 3086 raoeptui
419 3002 523 3066 datum
541 3005 612 3066 tulit
628 3005 767 3084 graviter,
785 3003 950 3084 eademque
969 3002 1068 3064 adhue
1085 3003 1135 3063 dia

178 3099 219 3160 ad
235 3111 334 3163 caena
346 3101 488 3163 Romana
499 3101 597 3163 duxit
638 3100 702 3162 Sed
719 3100 775 3162 ilia
790 3101 1069 3182 quoquefugejam
1080 3099 1135 3160 de·
1272 3125 1280 3139 ⁴
1336 3125 1340 3141 ·

176 3205 359 3259 sertaerant
391 3198 469 3259 Cum
478 3199 672 3281 spoliarentur
682 3199 799 3270 mortui,
811 3197 997 3258 tribunorum
1005 3205 1135 3278 quatuor
1145 3213 1211 3264 Prae
1222 3220 1249 3264 et

176 3303 211 3354 at
222 3294 339 3376 viginti,
356 3295 560 3357 oenturionum
572 3303 691 3357 uentum
703 3295 920 3375 quinquaginta
930 3292 1069 3354 dieantur
1081 3313 1133 3372 ag·
1144 3278 1252 3346 Appiae.
1324 3356 1330 3372 x

175 3391 241 3452 nita
252 3391 422 3462 cadaveraz
443 3393 570 3454 militum
587 3413 707 3474 quoque
720 3391 928 3454 Romanorum
940 3391 1010 3472 plue
1019 3400 1134 3472 reptem

175 3489 274 3551 millia
286 3489 438 3552 oeeidiaee.

217 3593 269 3650 9⁴.
290 3587 340 3649 At
352 3586 554 3661 Mithridaten,
567 3598 725 3670 percurato
736 3587 870 3659 rainere,
887 3587 989 3668 planae
1005 3587 1063 3646 hoo
1080 3603 1132 3664 ge·
1144 3609 1204 3661 Dio.

174 3700 232 3745 nun
243 3683 427 3747 insidiatores
439 3685 469 3746 in
483 3687 587 3747 omnia
595 3687 656 3746 auia
669 3705 756 3765 agere
764 3685 940 3767 auspicante,
949 3691 1133 3745 oonvooatoe

174 3782 287 3844 milites
299 3783 398 3843 subito
409 3783 440 3843 in
452 3784 646 3844 contubernia
652 3785 743 3863 jueait
755 3781 917 3844 discedere.
958 3781 1052 3848 Quod
1062 3801 1132 3842 oum

174 3891 253 3942 esset
264 3880 389 3952 fantum,
410 3889 442 3941 et
459 3881 592 3942 Romani
605 3903 666 3962 quo
678 3903 710 3942 ae
722 3881 886 3962 reciperent
902 3897 963 3939 non
975 3878 1130 3951 habereut,

173 3977 359 4060 deprehensi,
380 3978 586 4060 supplicioque
602 3979 703 4040 effecti
724 3989 804 4040 eunt.
847 3975 925 4037 Iade
939 3995 1087 4055 regreerua
1099 3977 1129 4035 in
1142 3982 1249 4052 Appiae.
1282 4044 1284 4047 ¹

173 4075 319 4136 minorem
342 4075 529 4146 Armeniam,
555 4094 615 4155 quo
645 4074 819 4137 adventanti
849 4070 976 4133 Lucullo
998 4073 1130 4152 inopiam

172 4182 392 4234 commeatuum
414 4172 536 4244 faceret,
558 4181 708 4254 asportata
730 4180 844 4253 quanta
865 4178 983 4252 poterat
1000 4189 1129 4240 annona,

174 4268 256 4349 quod
279 4278 345 4330 erat
367 4267 518 4350 reliquum
545 4270 763 4351 corrumpebat.
803 4267 882 4329 Tum
908 4266 1036 4328 detectae
1060 4276 1129 4326 eunt

175 4365 244 4427 alim
257 4367 396 4428 adremon
414 4385 511 4447 regem
526 4365 650 4439 insidiae,
665 4367 704 4427 ab
718 4365 831 4427 Attiiio
845 4372 968 4447 parata,
986 4361 1128 4427 Romano
