3300 5225
391 538 481 606 48⁴⁰
669 564 676 577 ¹
807 574 814 585 =
870 562 907 607 τ.
930 561 1025 612 utvrr

301 768 306 775 ,
391 712 458 763 Prot.
593 706 644 763 ²5.
666 700 729 763 His
741 704 829 764 rebus
840 704 977 785 patratis,
988 722 1057 765 cum
1077 702 1167 763 linem
1184 703 1358 784 impcmiare
1371 702 1516 765 Pontio·
1632 739 1633 748 ,

553 796 634 860 bello
656 800 815 873 videretur,
840 823 908 881 rege
927 802 1043 881 fugato,
1067 801 1183 861 nomme
1207 810 1351 883 preterea
1370 813 1506 863 morante

550 898 693 959 victorem
702 920 723 968 ς·
736 898 906 960 Sornatinm
921 920 990 962 eum
1007 920 1061 960 sex
1082 898 1217 959 millibus
1228 898 1356 959 militum
1367 899 1506 979 predum
1632 901 1633 942 1

552 994 672 1075 reliquit
685 996 853 1077 provincia.
895 996 968 1078 Ipse
980 1017 1049 1058 cum
1071 996 1191 1077 reliquis
1203 995 1360 1056 duodecim
1372 996 1507 1058 uiuit·

553 1090 696 1173 peditum,
710 1094 844 1173 equitum
856 1094 935 1155 haud
948 1096 1020 1155 totis
1039 1095 1134 1155 trihus
1152 1093 1293 1164 millibust
1304 1092 1429 1171 Tigrani
1440 1094 1507 1155 bel·

461 1216 492 1249 11
510 1232 518 1251 .
555 1186 617 1249 lum
639 1188 786 1263 illaturus,
804 1200 902 1251 casua
923 1192 1025 1254 morit
1065 1191 1210 1271 Tigranes
1229 1191 1321 1261 enim,
1346 1200 1504 1271 postquam

554 1306 607 1367 per
619 1305 728 1347 annum
744 1286 901 1367 integrum,
921 1298 1050 1370 octoque
1071 1296 1214 1369 preterea
1234 1307 1358 1359 meuses,
1370 1288 1403 1347 in
1415 1308 1508 1366 regno

422 1412 437 1445 u
553 1404 608 1445 suo
619 1386 729 1445 versari
744 1385 950 1447 Mithridatem
962 1408 1065 1468 passius
1075 1406 1134 1446 non
1147 1386 1312 1447 admisisset
1320 1386 1352 1445 in
1360 1404 1506 1467 conspee-

553 1488 628 1553 tum,
640 1480 693 1541 sed
705 1482 842 1543 cumtodia
853 1484 984 1565 corporis
999 1484 1154 1553 attributa,
1174 1483 1204 1543 in
1218 1483 1422 1543 remotissimis
1431 1482 1508 1543 locis

554 1578 649 1657 magis
664 1580 789 1660 captivi,
804 1599 894 1659 quam
911 1582 1000 1659 regis,
1018 1578 1108 1641 modo
1125 1579 1294 1648 habuimet3
1314 1579 1506 1639 1111111111-

552 1674 655 1735 cordia
667 1675 783 1749 duetus,
797 1678 859 1737 sive
872 1686 952 1737 metu
966 1676 1183 1749 Romanorum,
1200 1686 1234 1736 et
1245 1676 1394 1756 legatione
1407 1677 1504 1737 inita-

552 1778 599 1831 tus
612 1769 720 1853 Appii,
735 1793 879 1854 perquam
892 1772 1051 1835 honorifica
1063 1774 1224 1835 acciverat.

420 1897 435 1929 e
509 1914 517 1933 .
592 1873 642 1929 26.
662 1867 807 1931 Triduum
821 1871 938 1931 interae
951 1872 1253 1932 arcanissermonibus
1260 1869 1505 1940 transduxerunt,

423 1995 437 2028 ιι
450 2013 457 2029 .
552 1966 770 2048 conciliatoque
784 1967 951 2049 plenissime
961 1971 1067 2049 qratia,
1081 1970 1162 2051 quod
1175 1990 1214 2030 er
1224 1969 1312 2029 lactis
1321 1966 1505 2049 deprehendi

552 2065 661 2144 potuit,
674 2065 803 2146 priorum
815 2066 1093 2128 offensiuncularum
1109 2087 1215 2128 causas
1226 2068 1257 2125 in
1269 2069 1383 2125 amicos
1394 2068 1507 2144 rejece-

552 2170 629 2223 ruut.
672 2163 722 2223 Ex
735 2164 845 2243 quibus
859 2166 960 2225 statim
972 2164 1142 2226 interiectum
1154 2172 1200 2224 est
1210 2184 1230 2225 a
1242 2162 1424 2224 Mithridate
1435 2162 1506 2222 Me-

551 2258 687 2319 trodorus
699 2259 851 2341 Scepsius,
864 2262 910 2321 vir
921 2262 1063 2322 facundia
1075 2272 1107 2322 et
1118 2261 1283 2323 eruditione
1295 2259 1408 2331 clarus,
1416 2279 1506 2339 quen

552 2356 580 2414 iu
595 2376 662 2417 eum
680 2358 820 2417 amicitiae
843 2358 967 2437 gradum
991 2358 1185 2419 Mithridates
1200 2366 1364 2438 receperat,
1384 2356 1509 2435 utregis

552 2462 666 2534 patrem
692 2454 837 2536 appellari
860 2465 1021 2537 pateretur.
1075 2454 1137 2516 Sed
1161 2455 1305 2534 Tigranes
1328 2462 1509 2535 exposuerat

553 2550 735 2624 Mithridati,
756 2551 1005 2632 quemadmodum
1025 2552 1065 2614 ad
1083 2572 1115 2613 aa
1135 2551 1239 2613 missus
1254 2550 1319 2622 ille,
1331 2570 1403 2610 eum
1421 2569 1506 2610 man·

551 2646 625 2708 data
637 2649 713 2727 regis
725 2649 769 2708 sui
781 2649 820 2708 de
834 2649 907 2709 belli
919 2649 1062 2710 adversus
1073 2649 1230 2710 Romanoa
1241 2650 1385 2709 societate
1395 2645 1507 2708 edidis-

551 2753 607 2815 set,
629 2745 825 2825 interrogatus
838 2745 1010 2826 aTigrane,
1023 2747 1096 2828 qnid
1116 2748 1206 2827 igitur
1225 2747 1288 2827 ipse
1302 2745 1455 2814 suaderet,
1476 2745 1506 2804 in

551 2842 615 2902 hnc
628 2843 721 2904 rerba
740 2843 942 2924 responderit:
964 2844 1037 2904 ‘Ut
1053 2845 1180 2924 legabis,
1199 2843 1330 2910 madeo:
1353 2851 1390 2902 ut
1408 2842 1505 2903 coui-

549 2939 623 3000 lium
636 2949 766 3020 rogatus,
781 2941 842 3002 alia
853 2942 975 3002 omnia!
1017 2941 1088 3002 Nec
1108 2941 1213 3002 oderat
1233 2939 1442 3001 Metrodorum
1452 2939 1505 3000 ‘li-

549 3055 664 3114 grsnes.
707 3037 839 3110 Idcirco,
859 3059 943 3098 suam
961 3059 1015 3120 per
1034 3039 1155 3120 culpam
1176 3037 1363 3098 interfectum
1388 3035 1505 3105 dolens,

550 3133 708 3213 magnifico
726 3135 837 3196 extulit
853 3134 968 3206 funere,
980 3147 1013 3196 et
1030 3155 1169 3218 suprema
1187 3136 1217 3195 ei
1234 3136 1349 3212 maguis
1358 3134 1508 3194 mutu

389 3237 514 3287 Memnon.
550 3232 702 3310 persolvit.
746 3231 916 3313 Splendidis
927 3233 996 3294 dein
1009 3233 1106 3315 epulis
1116 3233 1255 3313 omnique
1268 3232 1506 3292 comitatesoce·

550 3347 614 3390 rum
637 3349 705 3390 cum
727 3331 905 3412 excepisset,
926 3331 1078 3392 attributis
1096 3329 1200 3392 decem
1216 3328 1349 3390 millibus
1369 3329 1506 3408 equitum

550 3423 673 3498 dimisit,
687 3427 716 3486 in
731 3427 833 3488 Ponto
845 3447 892 3487 res
903 3437 1090 3488 novaturum.

388 3525 453 3576 Plut
591 3529 641 3587 27.
663 3521 756 3596 Hmc,
771 3534 805 3584 ut
815 3523 904 3595 solet,
923 3526 954 3584 in
974 3527 1072 3604 majus
1082 3523 1238 3586 distulerat
1249 3521 1343 3594 lama,
1361 3541 1506 3603 regesque

544 3623 660 3701 junctis
672 3622 785 3682 viribus
800 3623 929 3702 jamjam
949 3623 980 3682 in
994 3623 1175 3704 Lycaoniam
1188 3620 1390 3700 Ciliciamque
1410 3622 1506 3701 imp

550 3719 608 3778 turi
621 3717 809 3780 terebantur:
831 3741 900 3782 cum
917 3721 1042 3781 miratus
1056 3720 1236 3780 Armenium
1253 3717 1409 3789 Lucullus,
1422 3717 1506 3800 quod

550 3836 609 3876 nou
629 3825 756 3878 stantem
778 3819 875 3900 potius
898 3817 1106 3879 Mithridatem
1131 3817 1326 3887 mstinuisset,
1352 3836 1449 3896 quam
1473 3824 1507 3876 nt

549 3924 699 3976 erecturus
711 3924 887 3996 prostratum
897 3914 977 3976 idem
985 3917 1048 3997 ipse
1057 3916 1214 3976 discrimen
1227 3907 1342 3982 adiret;
1356 3933 1507 3995 occupare

550 4013 615 4089 ejus
627 4011 788 4072 adventum
800 4014 965 4094 proposuit,
974 4022 1007 4074 ct
1018 4011 1098 4073 ultro
1110 4013 1141 4071 in
1152 4009 1328 4072 Armeniam
1336 4010 1507 4090 pmdera

551 4107 763 4170 Grarabantur
776 4109 896 4180 milites,
910 4109 1024 4190 alioqui
1033 4109 1104 4191 plus
1116 4129 1203 4188 aequo
1219 4107 1395 4179 turbulenti,
1414 4108 1448 4168 in
1459 4129 1507 4168 re·

551 4206 667 4284 pionem
696 4205 847 4278 hostilem,
870 4215 1031 4287 gentesque
1055 4205 1213 4266 bellicosas
1237 4213 1270 4264 et
1294 4205 1507 4268 innumerabili

550 4303 684 4382 equitatu
707 4305 873 4376 instructas,
889 4313 1058 4384 terramque
1077 4305 1171 4364 rash‘s
1186 4302 1323 4364 amnibus
1343 4314 1377 4364 et
1395 4304 1509 4364 niron's

551 4401 699 4460 montibus
710 4411 837 4482 septam,
848 4403 943 4482 sequi.
985 4402 1095 4462 Rome
1108 4421 1227 4482 quoque
1241 4421 1260 4460 a
1271 4401 1400 4462 tribunis
1408 4401 1507 4483 plebis

550 4497 703 4558 consilium
728 4499 912 4579 imperatoris
929 4500 1119 4582 carpebatur,
1140 4500 1316 4562 ‘homiuem
1337 4499 1457 4581 imperii
1472 4509 1506 4562 et
1544 4507 1552 4524 ⁸
