3300 5225
857 582 892 633 'l¹.
917 580 1013 631 LlVll

544 744 609 787 esse
621 726 815 787 coustitutum
825 726 855 785 in
866 725 1004 785 omnibus
1013 722 1105 785 lerme
1115 721 1299 795 multatibus,
1310 730 1345 783 ut
1354 723 1507 806 principes

545 824 738 908 procliviores
749 824 789 884 sd
803 824 1030 903 injuriamsiutr
1047 822 1184 903 imperita
1196 832 1228 882 et
1240 822 1355 883 venalis
1367 822 1506 885 multitu-

544 922 604 982 do:
625 920 716 981 medii
740 922 977 1000 interutrosque
998 938 1095 1001 neque
1116 919 1272 998 gravitatis
1290 928 1322 979 et
1336 918 1506 1000 prudentiae

544 1027 662 1097 egeant,
676 1038 773 1099 neque
791 1017 889 1076 nimiis
901 1017 1009 1097 opibus
1021 1016 1060 1075 ad
1076 1016 1280 1097 impotentiam
1296 1015 1504 1086 soliciteuturz

543 1114 700 1195 aqualiter
717 1115 757 1174 sb
775 1114 935 1175 alterorum
953 1112 1097 1184 sordibus,
1116 1122 1148 1173 et
1164 1113 1204 1173 ab
1222 1111 1384 1173 alterorum
1404 1114 1503 1173 ambi·
1629 1204 1630 1207 Ἴ

541 1212 623 1273 tione
636 1212 752 1272 remoti.

581 1316 632 1369 48.
655 1306 792 1388 ‘Neque
809 1327 931 1368 eausam
952 1328 1014 1367 esse
1032 1326 1085 1367 cur
1102 1305 1253 1385 equitibus
1271 1305 1336 1367 base
1356 1304 1503 1372 inferatur

540 1406 661 1484 injuria,
671 1414 706 1466 ut
718 1406 804 1485 quasi
814 1404 893 1465 male
906 1405 1039 1489 erereita
1047 1402 1207 1482 judicandi
1219 1410 1366 1483 potestate
1381 1404 1502 1484 priren-

539 1510 598 1561 tur.
641 1500 720 1562 Saue
744 1502 919 1561 inuidiosum
944 1499 975 1560 id
996 1496 1288 1560 senatusconsultum
1311 1498 1414 1571 fuisse,
1438 1520 1502 1579 quo

538 1596 614 1677 legis
626 1596 731 1657 Varioe
748 1596 845 1658 dilata
858 1596 977 1677 judicia
989 1596 1064 1656 sint:
1077 1592 1138 1655 ¹sed
1157 1594 1267 1655 nemini
1283 1594 1408 1655 dubium
1421 1616 1501 1669 esse,
1621 1590 1625 1600 “

538 1696 611 1774 quin
623 1693 685 1755 ulia
704 1716 735 1754 re
749 1692 946 1755 nullaoffeusi
961 1701 1059 1773 patres
1071 1690 1192 1761 fuerint,
1204 1711 1294 1772 quam
1311 1692 1499 1775 incorrupte,
1611 1720 1613 1725 v

536 1800 568 1850 et
577 1791 680 1870 gratita
690 1790 834 1871 minisque
844 1792 936 1870 juxta
949 1785 1164 1869 impenetrabili
1173 1786 1313 1865 judicum
1324 1789 1498 1849 severitate.

537 1886 665 1948 Crimini
682 1906 754 1947 saue
766 1886 870 1947 datum
883 1884 963 1965 quod
976 1884 1109 1944 damnati
1124 1883 1183 1943 sint
1195 1881 1302 1963 aliqui,
1320 1904 1397 1964 quos
1409 1886 1497 1945 inno-

535 1992 637 2045 centes
655 1983 745 2044 titisse
765 1982 855 2043 amici
874 2000 974 2041 eorum
993 2000 1028 2041 ac
1049 1980 1208 2061 propinqui
1226 1978 1421 2041 dictitarent:
1440 1980 1496 2081 sed

535 2079 649 2139 nubam
667 2080 744 2140 adeo
764 2078 912 2159 perditam
930 2079 960 2137 in
976 2076 1126 2157 judicium
1141 2076 1240 2136 afferri
1257 2096 1380 2137 causam
1394 2086 1495 2158 pm,

534 2184 569 2236 ut
585 2196 644 2236 auu
665 2176 825 2257 aliquibus,
847 2183 878 2234 et
895 2174 1024 2235 maxime
1043 2174 1078 2233 iis
1094 2192 1219 2254 quorum
1238 2172 1337 2235 salvos
1350 2193 1415 2235 csse
1426 2194 1496 2237 rcus

533 2272 666 2345 interest,
680 2272 769 2333 valde
783 2270 945 2353 probabilis
957 2270 1103 2331 videatur.

573 2376 626 2431 tu.
648 2367 764 2436 ‘Quod
778 2368 804 2428 si
821 2366 899 2430 sorte
919 2366 1079 2447 aliqnando
1097 2367 1137 2427 sit
1152 2374 1293 2438 emtum,
1307 2386 1363 2429 nec
1374 2368 1495 2449 equites

532 2467 630 2526 omnis
644 2466 749 2525 erroris
771 2472 909 2545 expertes
923 2484 997 2535 esse,
1018 2484 1074 2523 uec
1091 2472 1255 2525 ceterorum
1273 2483 1445 2546 quenquam
1458 2465 1494 2525 id

531 2562 589 2624 sibi
606 2582 676 2623 uere
693 2561 829 2644 polliceri
850 2582 946 2643 posse.
988 2560 1184 2622 Communem
1202 2560 1393 2624 monalitab's
1406 2560 1492 2626 lufir-

531 2661 666 2721 mitatem
691 2680 750 2720 nou
773 2662 817 2719 ita
841 2659 929 2720 certis
948 2659 1115 2718 bominibus
1133 2657 1382 2738 exprobrandam,
1400 2660 1490 2740 quasi

530 2756 621 2823 ceteri
634 2756 725 2818 aliern
737 2757 777 2816 ab
789 2774 827 2815 ea
838 2775 900 2815 ease
912 2753 1080 2816 uideantur.
1122 2753 1206 2814 Olim
1226 2763 1258 2814 et
1276 2755 1307 2814 iu
1327 2755 1489 2816 celeberri-

529 2855 586 2914 mis
603 2852 731 2914 Grreciar
747 2853 920 2914 civitatibus
940 2852 1019 2912 viros
1039 2851 1303 2932 prestantissimos,
1323 2861 1354 2912 et
1374 2851 1487 2914 Βιιιιιιι

529 2949 718 3022 Coriolanus,
731 2949 888 3019 Camillos,
903 2947 1058 3029 Scipiones
1069 2947 1226 3009 damnatos
1239 2967 1314 3020 esse,
1331 2940 1401 3010 curii
1413 2969 1489 3010 nou·

463 3064 465 3069 ·
527 3045 598 3107 dum
611 3047 726 3126 equites
738 3045 871 3108 Romani
878 3045 1060 3126 judicarent.
1104 3044 1178 3106 Hoc
1195 3045 1331 3106 nimirum
1341 3043 1412 3126 'jam
1429 3047 1486 3108 diu

526 3142 711 3222 quorundam
734 3144 848 3204 artibm
867 3143 948 3204 volvi
969 3145 1088 3224 agique,
1110 3152 1154 3214 ut,
1176 3128 1327 3223 quatenus*
1343 3144 1486 3222 abrofflri

520 3239 641 3316 judicia
654 3240 819 3320 nequirent,
832 3239 940 3300 saltem
953 3241 972 3298 ii
990 3239 1109 3319 judices
1114 3238 1298 3319 legerentur,
1313 3237 1392 3320 apud
1406 3261 1486 3320 quos

525 3335 565 3395 ad
577 3336 764 3398 nobilitatem
776 3338 959 3416 grauemque
973 3347 1005 3396 et
1016 3337 1180 3417 potentiam
1194 3355 1310 3396 reorum
1319 3347 1482 3416 respectum,

524 3442 606 3494 etex
619 3434 795 3514 cognatione
812 3433 972 3512 sanguinis,
990 3432 1181 3500 similitudine
1197 3432 1335 3507 fortune,
1348 3433 1483 3496 fortassis

523 3529 676 3611 etculpue,
689 3540 794 3612 parata
805 3529 952 3592 absolutio
966 3529 1063 3591 toret!

560 3635 612 3690 bt).
635 3627 800 3689 Dicebatur
811 3637 925 3699 contra,
939 3627 1036 3688 ‘falso
1046 3627 1147 3688 uocari
1168 3627 1197 3687 in
1211 3629 1409 3709 suspicionem
1423 3649 1480 3710 pu-

520 3733 590 3796 tres,
603 3726 688 3806 quasi
696 3724 815 3804 judicis
829 3724 967 3805 legesque
987 3727 1026 3786 ob
1047 3725 1258 3788 conscientiam
1273 3724 1478 3788 formidarent.

520 3819 683 3883 Neminem
695 3825 762 3902 ejus
773 3843 836 3884 esse
849 3821 969 3895 ordinis,
985 3825 1057 3904 quin
1070 3810 1104 3884 se*
1114 3843 1240 3904 suosque
1255 3823 1381 3904 primum
1394 3827 1478 3886 omni

518 3917 610 4000 culpa
620 3939 728 3982 vocare
737 3928 840 4001 optet:
853 3919 972 3993 deiude,
982 3921 1007 3981 si
1017 3919 1181 4002 postuletur
1193 3939 1270 3992 reus,
1284 3919 1365 4001 apud
1373 3939 1478 4001 requos

511 4015 633 4094 judices
644 4015 766 4076 defendi
774 4025 900 4078 recuset.
942 4015 1054 4097 Neque
1068 4017 1136 4078 ideo
1148 4018 1188 4077 ab
1200 4025 1304 4078 senatu
1319 4018 1476 4100 interposi-

516 4120 580 4172 tam
592 4113 800 4174 anctoritatem
816 4133 892 4186 esse,
913 4121 946 4174 ut
964 4113 1167 4192 subterfugere
1180 4112 1330 4194 judicium
1348 4115 1390 4174 rei
1405 4115 1476 4194 qui-

515 4216 598 4278 rent3
612 4209 666 4270 sed
678 4217 712 4269 ut
723 4209 879 4270 latrocinio
888 4211 985 4271 verius
994 4209 1205 4291 quamjudieio
1216 4209 1395 4290 equitum,si
1405 4211 1475 4272 linis

516 4323 575 4363 uou
600 4314 711 4386 posset,
732 4305 838 4366 saltem
861 4305 965 4366 modus
986 4307 1193 4390 imponeretur.
1236 4305 1324 4367 Nibil
1347 4307 1430 4369 aliud
1452 4329 1473 4370 a

516 4398 587 4462 Diis
605 4402 819 4466 immortalibus
842 4405 957 4486 precari
975 4412 1084 4486 patres,
1106 4423 1196 4486 quum
1217 4411 1251 4464 ut
1272 4403 1372 4485 legum
1389 4415 1472 4470 serta
