3300 5225
354 611 358 620 .
423 551 528 601 nrnnr
553 551 620 602 ou.
643 549 981 604 surrnnunuruu.
1173 533 1260 602 4921

135 715 197 758 non
210 694 250 758 ad
264 693 417 757 Medicam
429 698 576 758 arbitror:
598 716 769 778 quenquam
783 696 870 758 aliter
881 705 927 758 est
939 697 978 757 ab
990 693 1097 757 Orosio

136 794 292 854 traditum.
335 794 406 856 Nec
430 795 498 856 ideo
519 796 592 877 quia
615 815 683 856 cum
712 794 871 856 Medorum
893 807 961 874 rege
983 795 1098 854 bellum

135 890 257 963 habuit,
268 891 308 952 ad
319 892 478 966 Ecbatana
490 894 658 973 pervenisse
670 892 837 954 credendus
847 901 909 952 est:
931 911 1001 952 nans
1013 891 1099 952 illum
1110 891 1219 959 Appias.
1238 885 1241 890 ’

136 988 287 1050 auxilium
311 989 467 1050 Antiocho
490 989 633 1050 serentem
655 990 752 1068 coegit
772 988 894 1068 lugere:
916 1009 1012 1069 neque
1029 1009 1101 1050 vero

136 1085 276 1147 Parthus
284 1087 456 1167 quievisset,
467 1085 628 1147 accedente
642 1084 837 1157 Romanoad
849 1087 932 1166 regni
944 1088 988 1146 eui
997 1096 1100 1169 caput,

136 1182 388 1263 quenadmodum
409 1185 450 1244 ab
469 1183 575 1244 eodem
593 1182 703 1244 Oresio
725 1184 905 1244 nominatur.
947 1182 1102 1244 Praeterea

136 1289 242 1342 notum
263 1290 310 1340 est
331 1281 479 1342 Parthica
499 1279 582 1340 bella
600 1279 764 1340 declinasse
788 1279 981 1360 Pompeium,
1004 1280 1101 1361 Syrien
1128 1289 1216 1370 Dices

136 1385 239 1458 partes
251 1397 352 1438 omnes
365 1379 553 1458 percurrisse,
565 1385 599 1438 nt
611 1378 668 1437 sub
677 1378 833 1458 imperium
844 1383 973 1455 cogeret
1004 1376 1100 1444 Quic-
1111 1355 1220 1422 ⁸le·

136 1472 214 1555 quid
232 1473 311 1534 enim
332 1475 387 1534 sub
399 1472 530 1553 Tigrane
543 1474 658 1544 fuisset,
672 1473 726 1534 illo
738 1471 901 1544 debellato,
914 1473 1018 1554 populi
1032 1474 1100 1534 Ro-

136 1571 220 1634 mani
229 1571 343 1634 laeum
353 1591 417 1632 esse
426 1573 620 1632 autumabat:
637 1571 754 1652 hocque
767 1569 929 1632 factitabat
940 1565 1100 1644 lubentius,

135 1677 174 1730 ut
186 1676 256 1730 acta
270 1666 390 1728 Luculli
403 1667 653 1728 conuellerentur.
1163 1684 1166 1687 ·

180 1771 231 1826 29.
253 1763 337 1826 Nam
352 1764 507 1838 Lucullus,
521 1766 601 1827 ricto
620 1763 750 1844 Tigrane
763 1783 911 1825 reversum
925 1765 955 1824 in
969 1763 1100 1846 Syriam,
1128 1769 1240 1836 Appias.

134 1869 347 1944 receptumque
370 1881 389 1922 a
409 1863 481 1933 suist
504 1862 689 1923 Antiochum
713 1861 858 1943 Cyziceni
879 1861 1000 1934 filium·
1019 1833 1265 1954 avitoffif‘ffl

135 1979 230 2037 reguo
243 1958 300 2019 lrui
314 1978 427 2039 pessum
442 1979 541 2039 regem
560 1958 775 2040 appellaverat.
817 1957 879 2019 Sed
899 1958 1232 2042 ademitprae-Xiphilin.

134 2057 214 2118 senti
228 2055 400 2136 videntique
419 2075 542 2135 mgnum
562 2054 737 2136 Pompeius,
756 2075 929 2136 quanquam
949 2075 1100 2137 nunquam
1112 2031 1238 2147 ffil’ffi
1271 2122 1276 2129 ⁴

134 2152 178 2214 de
190 2151 302 2234 populo
315 2151 457 2212 Romano
477 2151 556 2212 male
575 2153 738 2224 meruisset,
752 2173 821 2213 cum
840 2154 954 2213 hostem
970 2155 1037 2232 ejus
1048 2152 1240 2226 Τί-ειεγήιε.
1304 2145 1307 2151 ’
1408 2169 1411 2176 ·

135 2267 261 2328 mem
281 2267 403 2328 regnare
424 2256 582 2330 peteretur.
624 2245 696 2310 Nec
715 2247 946 2330 speciosadiem
965 2248 1099 2317 deerant

136 2345 314 2406 ‘Recuaare
335 2342 428 2425 Syros
449 2345 608 2416 homiuem,
630 2365 727 2425 aquo
746 2354 792 2406 tot
809 2365 862 2426 per
874 2345 1100 2418 nnposdeserti,
1111 2355 1202 2408 susan.

135 2443 315 2522 alienigena
326 2441 403 2520 regis
409 2443 519 2521 jugum
531 2441 687 2502 tulissent:
700 2461 797 2521 neque
810 2461 882 2502 vero
893 2461 1013 2521 aequum
1024 2463 1100 2516 ease,

135 2559 208 2602 cum
226 2559 280 2600 me
300 2541 375 2600 tueri
388 2539 580 2621 nequivisset,
593 2538 684 2599 alieni
698 2538 809 2600 laboris
820 2559 890 2600 eum
902 2539 1011 2600 habere
1024 2560 1100 2623 praef

136 2641 211 2701 mia.
253 2637 333 2699 Paci
351 2657 470 2719 quoque
485 2635 583 2718 Syria
595 2627 820 2710 consulendum,
834 2657 873 2697 ne
885 2658 984 2698 rurms
996 2636 1101 2699 Juda-

137 2754 230 2817 0rum·
238 2734 436 2814 Arabumque
456 2733 622 2795 latrociniis
640 2732 697 2795 liat
715 2736 904 2821 opportuua'
945 2732 998 2795 Sic
1016 2735 1102 2797 velut
1111 2722 1265 2845 3¹:1¹3„st

93 2854 97 2861 ·
131 2836 220 2915 justo
232 2852 301 2912 rege
313 2851 436 2903 vacans,
451 2832 482 2893 in
496 2831 656 2913 provincia
668 2829 794 2892 formam
807 2830 898 2913 Syria
908 2831 1031 2893 redacta
1042 2839 1100 2906 est,

137 2929 425 3009 Seleucidummque
445 2928 601 3009 imperium
620 2926 711 2989 finem
729 2928 866 3009 accepit:
887 2929 1103 3009 pratermodi·
1228 2954 1233 2963 ·

114 3062 119 3065 ·
136 3047 213 3091 cunr
223 3026 435 3106 Commagena
446 3044 582 3105 regnum,
596 3025 678 3105 quod
692 3023 737 3085 illi
750 3019 921 3086 Antiocho¹
937 3046 998 3087 non
1012 3025 1101 3088 modo
1117 3015 1259 3097 appius.l

136 3122 261 3217 saliquit
282 3120 459 3205 Pompeius,
480 3121 533 3182 sed
555 3122 647 3183 etiam
667 3124 764 3195 auxit,
785 3122 908 3203 adjecta
926 3098 1266 3214 Mesopota-lgm„

137 3222 209 3283 mia
221 3230 317 3303 parte,
330 3240 421 3301 quam
434 3220 542 3303 raptim
555 3220 724 3299 subegerat,
743 3220 931 3301 castelloque
950 3218 1100 3294 Seleucia,
1112 3244 1140 3294 p.
1152 3232 1210 3280 sse.

138 3320 171 3379 in
193 3338 252 3398 quo
275 3325 456 3379 asservatam
479 3316 662 3396 aliquamdiu
687 3315 882 3398 Cleopatram
904 3328 1101 3397 cognomento

138 3414 281 3486 Selenen,
295 3413 391 3497 Syria
404 3414 547 3493 mginam,
560 3410 705 3493 Tigranes
718 3433 812 3494 nuper
824 3413 1023 3476 interiecerat.

171 3580 348 3635 timasium
377 3578 491 3645 cyziceni
504 3578 601 3694 pilium]
636 3587 755 3639 anctore,
784 3580 979 3635 Freinshemius
1006 3582 1100 3634 Antio·

137 3648 225 3701 Immo
238 3646 394 3697 Antiochum
406 3646 459 3705 Pii,
469 3660 502 3709 qu
524 3646 601 3709 Cyzi·
636 3647 713 3695 chum
744 3646 953 3711 Commagenum
984 3648 1099 3699 suadens

139 3729 235 3766 cennos
248 3722 349 3776 patrem
366 3710 503 3771 habuerst,
512 3709 602 3760 lilium.
636 3724 695 3761 esse
705 3712 841 3761 existimet
850 3728 909 3762 cuns
916 3713 1100 3766 Antiocheitle

123 3782 184 3831 'Sic
195 3784 322 3829 memorat
332 3776 469 3840 Applsnns
477 3776 502 3825 in
514 3775 603 3839 Syris·
637 3777 681 3827 cni
690 3777 773 3839 Syria
785 3792 893 3843 reguum
903 3778 1002 3829 ademit
1019 3779 1101 3829 Pom·

139 3847 191 3907 cis,
202 3851 230 3894 st
242 3852 388 3907 temporum
399 3842 467 3890 rstio
477 3841 602 3903 postulat.
656 3842 722 3890 sins.
739 3840 818 3906 Apud
833 3842 983 3907 Appianum
993 3846 1099 3909 quidem
1129 3846 1132 3852 '

137 3910 315 3975 ltsqnemsls
332 3908 401 3957 idem
418 3908 445 3957 in
465 3906 602 3957 Mithrida·
649 3906 795 3957 anthrid.
811 3921 872 3959 cnm
892 3910 982 3958 eadem
994 3923 1022 3973 p.
1039 3914 1100 3962 144.

139 3976 212 4033 ticis,
224 3981 252 4024 et
268 3973 389 4026 Justinus
405 3971 424 4021 l.
443 3984 488 4021 ss.
506 3985 565 4035 cup.
576 3972 602 4021 2.
637 3971 784 4022 Antiochus
796 3974 1034 4037 Commagenus,et
1045 3978 1100 4025 An·

138 4040 300 4091 Antiochum
317 4038 386 4087 lrnno
400 4051 415 4085 s
434 4036 544 4085 Lucullo
561 4050 603 4085 rs·
637 4036 739 4087 tinctus
756 4038 842 4101 Syrio
857 4052 939 4102 reguo
961 4036 1100 4091 t'rsudatus

139 4108 279 4159 stitutum?
290 4102 602 4165 sPouspsiospolistum,
637 4103 813 4165 nominentur,
834 4112 927 4166 sparte
943 4106 1066 4157 sidentur
1082 4120 1100 4157 s

140 4166 602 4236 Cysicenifiliumfuissadlcuntdd
638 4182 697 4217 sese
725 4168 838 4219 inuicem
860 4169 998 4233 distingui.
1039 4172 1101 4222 Nee

140 4241 234 4286 menet
249 4234 371 4285 Usserius
384 4234 410 4282 in
427 4230 497 4283 Anu.
509 4231 541 4282 sd
556 4246 602 4281 sn·
637 4232 776 4298 quicqnsus
797 4241 842 4284 snt
860 4235 888 4284 in
908 4236 966 4285 sliis
983 4235 1101 4300 Appiani

140 4316 205 4351 unm
218 4300 307 4351 mnndi
318 4301 393 4350 ⁸9³9.
412 4297 482 4347 cres.
617 4312 623 4321 ·
636 4297 700 4347 locis
712 4303 759 4348 sut
769 4300 795 4348 in
806 4299 938 4351 Strabone
948 4303 1102 4366 reperimus,

175 4366 182 4400 ¹
201 4360 554 4427 Commugesoersgssmmod
564 4360 604 4410 iiii
638 4378 691 4427 quo
703 4363 873 4416 Freinshemli
882 4366 1101 4433 opiniojusetur.

140 4430 275 4495 Astioelo]
305 4430 366 4480 Non
392 4428 520 4491 ridemus,
551 4441 603 4495 quo
640 4430 714 4479 crea.

209 4511 332 4576 nepta
346 4508 484 4561 uacus.
586 4560 591 4569 ,
657 4508 750 4562 ceos.
1124 4519 1156 4569 rs
1172 4516 1204 4593 o¹
