3300 5225
351 611 356 621 ¹
429 607 533 656 nrnnr
559 605 609 658 or.
631 604 955 657 annonanturnn.
1160 583 1244 650 4901
1343 653 1348 685 1

124 751 268 820 uniones,
280 747 438 831 decupium
448 751 515 830 ejas
525 749 554 809 iu
567 749 713 820 tribunos,
726 745 871 830 hospitale
882 766 998 820 munus,
1012 749 1082 828 pro·¹

124 848 285 909 nuntiarit.
701 853 704 910 1
1065 886 1076 896 -
1219 901 1223 913 .

165 951 219 1005 12.
240 942 303 1004 Sed
326 944 391 1004 baec
415 951 449 1002 nt
468 943 543 1015 seui,
561 940 758 1023 taiiquidenr
780 942 809 1002 in
830 951 920 1013 sorte,
941 959 1083 1022 prospera
1202 947 1207 954 '

77 1097 82 1104 .
124 1039 269 1124 reteque,
282 1041 325 1100 ita
344 1039 526 1100 adolescenti
546 1037 678 1118 indigna,
694 1037 812 1108 acerba,
830 1037 1018 1098 intoleranda
1037 1037 1083 1097 ri·
1095 1043 1154 1094 Dio.
1168 1042 1234 1094 Ριιιι.

123 1135 284 1198 debentur.
332 1136 366 1196 Is
388 1156 483 1216 neque
503 1136 632 1196 venanti
654 1136 731 1217 patri
754 1143 965 1205 assurrexerat,
985 1152 1082 1213 neque

124 1231 222 1294 ullum
237 1232 319 1294 aliud
330 1233 513 1306 reverentiae,
527 1234 683 1293 autetiam
694 1233 882 1294 translatitia
892 1231 1084 1292 humanitatis

124 1331 263 1392 ediderat
274 1333 400 1410 signnm.
438 1329 575 1392 Vocatus
588 1329 696 1390 deinde
709 1330 748 1390 ad
761 1349 888 1403 omnam,
900 1349 992 1410 qnam
1005 1329 1083 1408 patri

125 1427 293 1510 Pompeius
312 1425 418 1499 dabat,
438 1445 534 1507 neque
554 1426 657 1495 affaitt
686 1436 716 1486 et
737 1426 887 1486 ‘dixisse'
908 1425 1007 1486 dictus
1026 1433 1083 1496 est,

125 1523 303 1604 ‘Pompeio
322 1544 354 1584 ae
375 1523 492 1584 honoris
514 1523 605 1604 hujus
627 1525 752 1602 gratiam
771 1521 887 1591 iacere3
910 1541 1007 1602 neque
1026 1521 1084 1580 sibi

125 1619 220 1680 alium
243 1619 417 1680 Romanum
439 1619 645 1702 imperatorem
667 1618 781 1692 defore,
800 1637 959 1700 perquem
980 1617 1085 1698 cupita

125 1717 348 1797 consequatur!

168 1819 219 1874 13.
242 1812 416 1894 Pompeios,
429 1813 476 1873 bia
494 1811 623 1873 nondum
640 1811 761 1883 auditis,
775 1821 828 1872 aut
839 1810 1026 1871 diasimuiata
1037 1811 1083 1870 iu·
1148 1839 1153 1846 ·

119 1909 217 1988 juria,
240 1908 381 1990 postridie
402 1910 480 1970 inter
501 1918 615 1991 patrem
640 1907 794 1989 filiumque
819 1909 1082 1970 controversiarum
1096 1907 1156 1958 Dio·

126 2002 239 2062 arbiter
255 2001 342 2062 sedit.
385 1999 492 2063 Senior
510 2000 653 2080 Tigranes
669 2002 804 2083 patrium
818 2021 938 2080 regnu·
958 2001 1083 2060 retinere
1126 2047 1130 2055 ,
1163 2001 1172 2022 “

120 2099 237 2177 jussus,
249 2119 287 2159 ea
300 2099 365 2178 lege
378 2108 412 2159 ut
422 2097 486 2160 filio
499 2099 601 2178 utique
615 2097 732 2160 hereb
744 2097 921 2160 decederet:
943 2096 1084 2179 Sophene
1095 2105 1203 2172 Appon.

127 2193 350 2276 Gordyeueqne
366 2197 472 2276 juveni
493 2204 561 2256 sont
584 2195 744 2256 attributae.
795 2193 857 2256 Sed
881 2195 907 2255 is
930 2195 1084 2255 tbeaauroa
1095 2202 1154 2257 Dio.

125 2293 231 2365 etiam,
245 2313 314 2353 nam
334 2293 376 2354 ibi
397 2279 633 2362 asserrabantur,
646 2293 770 2353 retiuue
786 2293 949 2373 cupiverat.
992 2290 1084 2350 Frus-

125 2397 224 2450 tratus
243 2398 353 2460 autem,
366 2409 423 2450 nec
443 2391 522 2450 euim
542 2387 663 2451 aliunde
676 2388 820 2470 promissa
832 2387 981 2449 Rommu
992 2405 1082 2467 peen-

127 2487 181 2550 nia
193 2494 309 2567 poterat
320 2485 446 2559 exsolvi,
459 2494 576 2546 tanturn
593 2484 804 2564 indignationis
820 2485 959 2565 concepit
970 2485 1082 2557 animo,

126 2592 163 2645 ut
182 2583 221 2645 de
240 2581 323 2663 fuga,
337 2592 428 2665 atque
445 2585 536 2645 etiam
554 2583 668 2645 insidiis
684 2583 761 2665 patri
775 2581 923 2644 struendis
933 2580 1083 2647 delibera·

126 2690 193 2751 ret;
218 2680 411 2741 incitantibus
428 2682 557 2741 maxime
578 2680 759 2762 proceribus,
780 2680 833 2760 qui
853 2700 934 2759 rege,
950 2678 1023 2739 dom
1043 2678 1083 2739 ad
1095 2687 1204 2754 Appias.
1254 2751 1261 2759 ²

129 2776 311 2859 Pompeium
325 2777 530 2860 proficiscitur,
543 2776 671 2849 deserto,
684 2796 800 2858 poenam
813 2777 997 2841 metuebant.

170 2880 221 2935 14.
243 2874 365 2935 Vanum
386 2874 417 2935 id
438 2874 592 2935 consilium
610 2873 678 2945 fuit,
692 2874 765 2954 quia
782 2873 959 2955 Pompeius,
972 2874 1085 2937 indicio
1096 2884 1154 2936 Dio.

127 2968 169 3031 ad
191 2990 223 3031 se
245 2969 348 3033 delato
365 2973 507 3051 juvenem
531 2970 626 3031 libera
643 2968 780 3029 custodia
797 2970 963 3031 attinebat:
988 2971 1086 3034 missia

126 3066 242 3129 interea
259 3068 372 3129 circum
390 3066 526 3139 castella,
544 3066 596 3148 qni
617 3066 758 3148 pecunias
777 3086 797 3127 a
815 3066 988 3128 custodibus
1006 3056 1085 3148 patri

24 3190 26 3198 >
101 3220 105 3227 ,
127 3162 253 3243 Tigrani
272 3164 350 3225 tradi
365 3165 516 3243 juberent.
558 3162 664 3243 Atque
685 3162 731 3223 bis
741 3165 826 3243 Jusaa
833 3163 962 3243 junioris
974 3184 1085 3245 expec-

127 3268 193 3321 tare
219 3260 457 3332 obtendentibus,
480 3262 565 3341 cujus
590 3259 622 3321 in
645 3258 758 3321 ditione
782 3279 906 3341 regnum
932 3260 1086 3342 Sophenes

126 3367 208 3419 esset
215 3380 225 3429 ;
247 3358 392 3421 adductus
401 3358 440 3421 ud
453 3357 577 3420 cnatessa
585 3358 717 3439 juranis,
729 3378 796 3419 cum
806 3358 909 3419 clausa
917 3361 1085 3440 reperisset,

128 3455 237 3536 aperiri
250 3476 420 3536 quanquam
433 3456 543 3517 inritus
555 3455 729 3537 imperabat.
772 3453 834 3515 Sed
852 3454 899 3515 iili
909 3455 953 3516 aie
965 3450 1085 3539 quoque

128 3572 283 3613 recusare:
305 3562 398 3613 ‘nam
418 3554 528 3624 coacti,
546 3573 603 3613 non
624 3551 752 3613 volentis
770 3552 801 3613 id
823 3552 979 3634 imperinm
998 3555 1085 3615 ease!

128 3648 252 3711 Idcirco
272 3649 437 3731 Pompeius
454 3650 499 3711 ira
515 3644 727 3711 commotus'in
745 3648 868 3711 vincula
884 3650 1015 3729 conjecit
1030 3652 1084 3712 bo·
1095 3649 1206 3727 Appias,

128 3747 253 3808 minem.
292 3745 345 3807 Ita
366 3744 484 3807 demum
507 3748 600 3827 patris
619 3747 649 3807 in
672 3754 849 3827 potestatem
868 3746 997 3807 thesauri
1016 3714 1232 3809 summm
1309 3768 1311 3772 ·

127 3840 243 3905 traditi.
285 3841 391 3924 Atque
404 3843 456 3903 iiie
469 3841 826 3905 liberaliterbisuauaita
836 3840 973 3903 devinxit
989 3841 1085 3903 Pom·
1179 3874 1183 3877 ·
1254 3892 1259 3901 .

129 3938 243 4019 peiom,
256 3948 291 4000 nt
310 3959 380 4000 mox
395 3941 508 4001 socium
521 3938 707 4018 amicumque
720 3938 824 4020 populi
837 3937 969 3998 Romani
981 3938 1086 4020 appel-

129 4033 225 4105 iaret;
248 4044 279 4095 et
298 4054 419 4114 gravem
438 4036 582 4097 senectuti
602 4038 668 4116 ejus
686 4034 912 4115 discordemque
925 4032 1021 4095 filium
1038 4036 1085 4095 in·
1114 4027 1119 4038 ’

128 4131 218 4191 terim
238 4131 363 4193 baberet
378 4133 409 4193 in
428 4133 564 4205 naeniis,
577 4130 724 4193 decedens
740 4150 841 4193 secum
853 4131 894 4192 ad
907 4132 1085 4213 triumphum

28 4292 35 4307 ,
130 4228 304 4291 abduceret.
1097 4240 1205 4309 Appim.

173 4332 223 4386 15.
246 4325 285 4386 Id
311 4322 468 4405 nelfieret,
493 4343 577 4385 socer
597 4326 718 4405 juvenis
743 4325 904 4398 Phraates,
927 4316 1023 4387 missia
1045 4325 1162 4392 adPlut.
1266 4360 1273 4366 ·

131 4423 314 4506 Pompeium
340 4422 457 4503 legatis,
485 4422 626 4504 impedire
651 4422 822 4497 studuerat;
851 4424 890 4485 ad
918 4444 950 4483 se
976 4424 1084 4483 remitti
