3300 5225
375 534 481 584 nrnnr
506 533 643 583 xcvru.
665 534 990 586 surrusrrsururr.
1156 518 1244 587 4865

125 674 380 757 sliissepostponi
387 676 527 749 mouens,
536 684 689 737 cumeeoet
695 676 783 757 primi
793 676 854 738 loci
860 674 1079 759 cupidissimus,

125 772 435 863 militee,·prmsertim
466 772 654 835 Fimbrianos
680 774 760 847 illos,
786 773 934 835 seditiosis
959 775 1081 835 vocibus

124 872 307 952 instigsbotr
326 871 444 933 illorum
463 872 612 933 fortunem
631 892 700 933 cnm
722 872 769 933 his
786 873 838 952 qui
854 873 911 934 sub
930 872 1081 953 Pompeio

125 967 306 1031 militassent
327 968 489 1030 censerem.
530 968 617 1043 ‘Eos
635 968 755 1029 Luculli
772 970 883 1050 stipere
899 967 1031 1029 cnmelos
1049 977 1081 1031 et

126 1064 377 1147 pleusheeurntis
386 1068 598 1147 gemmatisque
609 1074 717 1127 onusto
726 1066 843 1148 poculis
853 1074 976 1127 :contro
984 1064 1081 1125 Pom·

126 1163 251 1245 peicnoe
269 1162 351 1223 domi
367 1184 435 1225 cum
448 1165 591 1225 uxoribus
601 1173 635 1224 et
648 1164 750 1225 liberis
766 1164 918 1245 copiosum
934 1164 1081 1245 tranquil·

125 1260 249 1341 lemque
266 1261 360 1321 vitem
378 1280 477 1341 egere,
490 1260 580 1323 fertili
604 1281 675 1341 egro
693 1260 831 1333 donatos,
847 1280 1019 1342 quenquam
1034 1261 1081 1323 illi

125 1378 225 1439 neque
238 1356 454 1431 Mithridatem,
468 1380 564 1441 neque
576 1358 734 1439 Tigranem
756 1360 785 1419 in
800 1358 973 1421 solitudines
985 1359 1082 1420 invios

126 1456 312 1535 exegissent3
333 1454 430 1517 sedin
449 1456 602 1539 Hispsnie
616 1476 684 1517 cum
697 1456 849 1529 exulibus,
861 1456 892 1517 in
907 1454 1000 1515 Itnlin
1011 1475 1081 1516 cnm

126 1554 285 1635 mancipiis
304 1554 475 1616 hebuissent
490 1556 649 1635 negotium.
691 1554 783 1623 Quod
800 1556 930 1634 siigitur
946 1552 1030 1615 nulle
1041 1555 1082 1615 sit

127 1670 260 1731 unqurun
280 1649 428 1732 sperando
447 1652 559 1723 missio,
580 1660 613 1712 nt
630 1650 674 1711 illi
692 1652 790 1733 potius
808 1652 978 1733 imperatori
998 1650 1080 1731 qnod

126 1747 275 1829 reliquum
292 1756 370 1809 esset
383 1748 494 1828 vigoris
510 1757 639 1822 servent,
653 1750 705 1831 qui
725 1768 871 1809 summum
888 1768 975 1809 suum
992 1768 1079 1809 orne·

127 1845 642 1908 mentnmesscexistimstmilitum
654 1846 796 1908 diritius!
1167 1922 1170 1929 Ι

169 1949 221 2003 99.
243 1942 317 2003 Hoc
337 1962 429 2023 genus
447 1944 571 2005 susurris
588 1945 631 2005 ite
648 1952 801 2025 corruptus
817 1944 967 2005 exercitus
977 1948 1230 2024 est‚ut‘1>50,pp,.‚

127 2058 186 2099 nec
197 2039 229 2098 in
241 2038 401 2119 Tigranem
413 2042 582 2121 cupientem
593 2040 702 2102 ducere
715 2042 884 2112 Lucullum,
903 2060 960 2102 nec
972 2042 1004 2101 in
1018 2038 1080 2101 Mi·

126 2135 287 2197 thridstem
300 2146 479 2219 sequeretur.
521 2138 675 2219 Hyemenr
687 2140 813 2213 conecti,
829 2148 945 2219 tempus
956 2138 987 2199 in
1000 2137 1080 2199 Gor-

127 2230 229 2314 dyene
247 2235 415 2306 trohebsnt,
436 2255 634 2297 successorem
655 2236 774 2297 Luculli
791 2237 984 2318 opperientes.
1025 2235 1081 2321 Ad

94 2330 98 2335 “
127 2328 241 2391 semem
252 2331 361 2393 deinde
374 2330 469 2393 clodis
480 2332 655 2406 Triarionae,
668 2335 753 2413 cujus
766 2354 802 2395 ne
821 2332 942 2393 nuntius
959 2331 1081 2413 quidem
1108 2372 1162 2423 cie,
1173 2387 1218 2437 pro

127 2436 282 2507 penetrare
294 2436 442 2510 potuerat,
459 2428 570 2511 pudore
587 2430 662 2491 moti
677 2440 756 2501 sunt,
776 2440 812 2491 ut
827 2430 912 2509 signo
923 2448 1080 2510 sequeren-
1094 2437 1247 2503 belismi.

127 2532 187 2585 tur.
229 2524 345 2587 Postes
356 2510 598 2603 Triarium-cum
611 2548 630 2589 e
642 2528 786 2589 militibus
798 2527 839 2589 nd
850 2546 954 2589 necem
968 2548 1080 2608 qurere-
1091 2508 1160 2620 ᾖξε.

127 2629 222 2694 rctrrr,
236 2622 315 2684 oleru
326 2624 436 2706 eripuit
445 2624 599 2687 Lucullus.

170 2725 241 2780 1⁰0.
263 2719 345 2783 Hrcc
362 2743 409 2784 res
420 2723 525 2784 iterum
538 2723 664 2786 offendit
675 2731 865 2784 contnmoces
873 2723 1006 2783 enimes:
1028 2740 1081 2781 eu·
1093 2759 1153 2810 Dte.

127 2814 252 2896 diroque
272 2819 372 2880 venire
392 2839 588 2880 successorem
610 2818 738 2881 Lucullo
761 2819 912 2881 consulem
932 2818 1081 2890 Acilium,
1109 2824 1246 2875 §utilio

127 2911 180 2972 cui
199 2913 265 2992 lege
284 2913 419 2976 Gabinio
434 2915 580 2998 Bithynis
591 2925 624 2976 et
635 2916 756 2977 Pontus
766 2915 841 2976 dots
857 2924 952 2986 erent,
965 2916 1082 2976 misses·
1094 2905 1120 2939 ¹·
1132 2895 1156 2941 ¹·
1255 2899 1258 2902 ⁴

128 3029 189 3089 que
201 3009 382 3074 Valerianos
401 3012 533 3093 legiones
549 3013 632 3083 esser
654 3013 813 3074 Lucullum
830 3033 884 3094 pro
896 3013 1013 3093 privato
1030 3013 1083 3072 ho

128 3106 201 3168 bere
220 3119 370 3189 coeperunt
391 3111 562 3172 contemtui.
605 3109 690 3172 Nem
705 3120 738 3171 et
753 3113 817 3192 ipse
833 3109 955 3171 Acilius
965 3110 1082 3189 vulgari

128 3223 185 3284 per
208 3206 334 3286 populos
357 3209 513 3287 jusseretr
540 3217 550 3246 ⁴
571 3207 725 3290 Populum
752 3207 927 3268 Romanum
956 3207 1083 3268 lucullo
1094 3225 1202 3295 Appium

128 3300 229 3364 finirse
240 3304 413 3385 imperium:
436 3304 586 3368 discedere
594 3307 716 3385 jussisse
729 3305 852 3377 milites,
865 3325 951 3387 poeno
963 3325 1082 3386 quoque

129 3399 245 3472 addite,
272 3409 307 3462 ut
325 3404 508 3464 monentium
528 3405 608 3465 bone
628 3404 871 3484 publicarentur?
912 3402 984 3463 Hes
1005 3404 1233 3464 interSdtostib.

128 3498 294 3576 mgustiss,
303 3508 336 3560 et
346 3501 420 3581 quin
432 3501 535 3562 audito
549 3501 592 3570 Q.
603 3499 753 3562 Marcium
763 3499 882 3580 Regem
895 3521 950 3581 pro
958 3499 1082 3562 consule

128 3613 183 3672 per
207 3593 390 3677 Lycaoniam
413 3617 482 3658 cum
507 3597 601 3660 tribus
623 3597 790 3678 legionibus
807 3599 838 3658 in
856 3596 998 3658 Cilicium
1016 3606 1082 3657 ten·

87 3772 90 3778 Ι
128 3691 212 3764 dere,
221 3692 386 3754 cohortium
392 3693 522 3775 aliquem
534 3714 687 3756 numerum
700 3695 810 3756 frustra
827 3695 867 3755 nb
879 3693 933 3755 illo
945 3694 1081 3774 pedem,
1095 3707 1154 3759 Dio.

128 3785 265 3867 Tigrani,
283 3791 336 3869 qui
349 3809 418 3850 cum
431 3791 570 3852 maximis
586 3791 680 3872 copiis
690 3791 850 3872 junctorum
868 3811 901 3851 se
913 3789 1083 3850 Mithridati
1094 3805 1161 3856 Ptut

129 3881 290 3956 ferebatur,
304 3888 411 3948 stetuit
421 3907 573 3948 occurrere
586 3907 594 3947 τ
608 3906 646 3949 ee
655 3887 838 3968 potissimum
849 3907 914 3968 spe,
927 3895 963 3946 ut
973 3887 999 3945 si
1011 3885 1081 3946 tnti-
1094 3899 1155 3954 Dio.

129 3988 233 4058 gotum
245 3983 349 4044 itinere
365 4003 421 4045 nec
437 3984 609 4066 opinantem
627 3983 758 4055 viciaeet,
778 3993 960 4066 reperturum
976 4003 1009 4042 se
1025 3982 1081 4043 rdi-

129 4097 222 4159 quem
233 4078 273 4140 sd
283 4080 446 4160 placendos
458 4081 587 4142 militnm
600 4081 712 4143 animos
723 4081 804 4142 viem
816 4078 987 4142 confideret.

171 4181 243 4238 101.
264 4173 326 4238 Sed
338 4177 446 4238 milites
457 4177 653 4259 eliquousque
668 4177 773 4249 wenti,
786 4185 943 4258 postquem
955 4177 986 4236 iu
999 4175 1083 4256 (inp-

130 4271 288 4354 psdocium
305 4274 341 4334 iri
358 4274 508 4346 viderunt,
529 4295 565 4335 ne
578 4295 653 4338 voce
666 4273 786 4354 quidem
800 4273 864 4336 ulle
874 4274 992 4346 emisso,
1005 4283 1084 4334 retro

128 4377 281 4432 verterunt
290 4391 414 4452 ogmenc
427 4381 460 4432 et
477 4370 649 4434 Valeriane
662 4370 803 4450 legiones,
819 4370 944 4451 implete
957 4391 977 4431 e
988 4391 1020 4431 se
1029 4370 1083 4432 sti·
1095 4367 1149 4437 Ψ·
1159 4368 1227 4435 Erit·
