3300 5225
381 622 485 673 nrnru
509 622 617 673 xcvr.
639 621 965 673 surrnnrrnnruu.
1140 604 1260 672 4801,

111 768 196 828 dent.
240 767 340 837 Quem
359 768 439 828 enim
461 768 553 827 siium
572 760 612 829 se'
624 768 744 840 hebere,
766 768 815 829 cui
835 766 961 829 sulutem
980 784 1064 827 suom

110 866 323 927 committunt?
343 876 396 927 eut
420 868 469 927 oui
489 866 561 927 setis
580 863 680 927 firmos
698 866 835 927 humeros
853 865 928 937 sore,
949 872 1065 946 ut‘pcst

111 960 280 1023 Sertorium
292 970 406 1024 tentum
420 982 516 1023 rerum
528 961 636 1023 molem
648 964 812 1023 sustineant
824 961 999 1043 feruntque?

115 1086 118 1089 ·
148 1064 203 1119 15.
226 1068 234 1095 ⁶
249 1057 329 1119 Sene
340 1080 398 1121 non
411 1058 511 1121 deesse
523 1060 574 1139 qui
587 1058 732 1141 praecipiti
742 1057 950 1119 ambitioneud
959 1078 1063 1139 ospes-

107 1155 205 1216 sendu
232 1156 356 1239 imperio
382 1165 478 1217 ruunt.
521 1154 583 1217 Sed
606 1157 689 1217 brevi
715 1157 928 1239 appariturum,
950 1164 1063 1236 quanto

108 1255 228 1333 majore
249 1254 361 1314 viribus
379 1272 470 1314 onero
489 1244 678 1335 susceperint.
720 1252 793 1314 Non
816 1253 896 1312 enirn
916 1253 1063 1332 majorum

107 1348 301 1428 imaginibus,
323 1358 375 1409 eut
396 1350 564 1431 patrimonii
586 1348 789 1429 magnitudine
799 1370 809 1419 ;
831 1347 885 1409 sed
902 1347 998 1408 solido
1014 1368 1062 1407 ro-

106 1444 179 1505 bore
196 1446 299 1517 animi,
315 1446 554 1527 sapientibusque
566 1446 696 1507 consiliis
707 1446 844 1506 sustineri
856 1465 893 1506 uc
905 1445 967 1524 geri
979 1444 1062 1505 bellu

105 1562 203 1621 posse.
248 1541 355 1622 Igitur,
369 1543 557 1603 commutetis
573 1542 682 1603 ducum
701 1544 824 1615 ortibus,
844 1542 968 1603 tortunae
985 1562 1060 1622 quo·

105 1659 164 1719 que
177 1640 307 1701 similem
320 1642 511 1702 mutationem
532 1640 612 1702 hund
629 1640 737 1719 injurie
755 1640 862 1699 timeri.
902 1640 1060 1718 Egregium

105 1735 226 1798 scilicet
234 1758 316 1819 spem
330 1740 359 1799 in
372 1758 536 1799 successore
547 1736 680 1809 ostendi,
691 1738 716 1796 si
730 1736 893 1797 Sertorium
902 1736 1061 1818 Perperna

104 1835 253 1915 excipiet,
265 1854 409 1895 summum
421 1836 516 1895 virum
529 1834 694 1914 ducemque
708 1833 858 1913 vulgaris!
1112 1836 1115 1842 ‘
1179 1829 1186 1839 ’

145 1937 198 1991 16.
222 1930 303 1993 Haec
316 1931 464 1993 Romsnae
475 1932 571 2012 oopioe
580 1929 759 2002 fremebunt,
773 1932 935 2011 majoribus
949 1941 979 1992 et
991 1931 1058 2013 piu·

105 2027 189 2088 ribus
204 2029 286 2111 opud
307 2039 423 2091 exterus
441 2027 578 2108 querelis.
622 2027 756 2089 Lusitani
769 2037 839 2089 unte
851 2049 964 2099 omues,
977 2028 1058 2110 quod

103 2142 208 2185 eorum
222 2126 371 2207 precipuo
387 2144 501 2207 semper
518 2144 610 2207 opero
631 2123 777 2185 Sertorius
796 2125 839 2185 nti
852 2135 1057 2197 consueverat,

104 2224 272 2304 ‘optimum
286 2226 502 2305 imperatorem,
514 2222 705 2283 fortissimum
715 2221 955 2295 commilitonem,
964 2224 1056 2285 virtu-
1093 2233 1100 2247 '

101 2324 140 2382 tis
152 2329 404 2382 remuneratorem
415 2318 669 2379 liberalissimum’
689 2318 887 2399 requirebant.
918 2318 965 2380 Ut
973 2340 1055 2393 vero,

101 2427 211 2499 aperto
233 2418 356 2479 Sertorii
376 2424 564 2487 testamento,
585 2415 727 2496 scriptum
751 2416 790 2475 ab
810 2434 847 2475 eo
869 2413 1055 2497 Perpernam

100 2514 254 2577 heredem
266 2514 355 2575 fuisse
374 2514 511 2585 innotuit,
530 2520 561 2572 ct
578 2508 771 2574 detestatione
785 2520 846 2572 tum
860 2512 967 2590 ingruti
979 2511 1055 2572 isoi-

100 2615 181 2675 noris
194 2614 290 2694 mugio
298 2620 471 2674 exeruerunt
480 2610 588 2680 enimi3
611 2608 684 2670 nihil
697 2610 816 2692 propius
824 2609 950 2682 fuctum,
964 2630 1054 2692 quern

100 2721 133 2771 ut
146 2731 252 2794 poenus
272 2712 311 2770 ub
326 2710 477 2771 homicide
495 2708 555 2768 suis
574 2707 711 2768 munibus
728 2718 894 2769 sumerent:
915 2709 973 2768 nisi
992 2708 1054 2769 dis-

98 2829 221 2870 currens
231 2829 286 2890 per
302 2807 495 2870 contubernia
513 2823 582 2868 oum
599 2805 724 2866 ducibus
737 2803 893 2886 Perperna
909 2806 1053 2889 quondum

99 2906 198 2979 donis,
222 2907 297 2968 ulios
321 2905 481 2988 promissis,
504 2901 662 2964 nonnullos
681 2903 772 2964 etiarn
794 2904 883 2964 minis
905 2915 1051 2986 pucusset,

98 3006 192 3066 etism
207 3023 265 3064 uno
278 3012 309 3065 et
321 3004 426 3074 altero,
442 3001 480 3063 sd
492 3009 631 3064 terrorem
644 3010 818 3073 ceterorum,
827 3000 904 3063 ferro
913 3004 1052 3064 interem-

97 3103 147 3160 tis.
193 3100 312 3161 Deinde
337 3101 434 3162 socios
458 3097 582 3180 populos
603 3096 753 3169 obeundo,
772 3117 833 3178 quo
849 3097 967 3160 iliorum
981 3100 1052 3162 odiu

98 3200 261 3278 mitigaret,
273 3217 356 3260 orsus
369 3198 408 3260 ub
422 3196 515 3268 Osce,
529 3195 580 3255 ubi
593 3203 711 3276 patrate
728 3194 826 3256 cedes
843 3196 963 3271 inerret,d
982 3216 1052 3259 con-
1067 3178 1216 3264 terracon.

97 3298 201 3358 ciones
222 3298 332 3379 ubique
357 3279 485 3357 blandos
506 3293 629 3362 hebuit3
662 3293 772 3373 opertis
794 3296 973 3368 carceribus,
998 3298 1170 3376 quinppim.

96 3403 184 3457 erunt
199 3396 240 3456 eb
255 3395 386 3457 Sertorio
398 3394 490 3456 vincti
508 3391 638 3460 dimisit3
660 3386 778 3451 obsides
794 3393 966 3456 civitatibus
982 3393 1049 3455 red-

96 3493 185 3554 didit.
493 3481 501 3498 ‘

136 3598 189 3654 17.
213 3587 273 3650 Sed
286 3608 389 3650 esrum
402 3587 502 3649 multae
514 3607 583 3650 cum
594 3587 782 3648 execratione
794 3585 898 3647 neforii
911 3588 1048 3663 hominis,
1060 3603 1133 3657 0102,
1143 3605 1212 3660 Plus.

95 3688 193 3747 mimis
211 3685 249 3746 ed
272 3684 429 3746 Metellum
450 3685 667 3766 Pompeiumve
682 3682 800 3762 tegatis,
820 3683 851 3742 in
870 3681 961 3744 fidem
981 3684 1049 3747 Ro·

95 3803 252 3844 mnnorum
262 3803 387 3845 venere:
408 3783 569 3864 presertim
581 3781 632 3842 ubi
650 3789 745 3841 sumto
758 3780 882 3862 imperio
895 3779 1051 3862 Perpernu
1061 3800 1168 3868 Appia

94 3883 198 3942 stetim
208 3881 338 3942 crudelis
349 3881 499 3963 uppuruit,
512 3878 606 3939 tribus
613 3877 777 3938 illustribus
786 3877 867 3948 viris,
879 3877 930 3957 qui
941 3899 1001 3940 uno
1009 3899 1048 3940 ex

125 4150 138 4184 ἅ
160 4151 239 4200 Orm
255 4150 286 4200 ut
309 4151 380 4213 Occu,
397 4149 438 4200 uto·
456 4153 555 4216 patrm
588 4145 721 4198 uiderunt.
746 4144 783 4196 At
796 4146 892 4196 Petrus
900 4145 935 4195 de
947 4146 1049 4208 Mercu,

93 4215 275 4280 eoedcssuerut]
295 4215 408 4265 Velleius
424 4217 515 4265 orbem
527 4215 553 4263 in
590 4220 657 4262 teste
672 4211 794 4274 Cellnrio,
806 4211 905 4274 Geogr.
918 4209 981 4262 Aut.
996 4211 1015 4259 t.
1026 4225 1046 4261 1.

93 4295 146 4344 qne
166 4281 299 4330 Sertorius
314 4281 416 4330 occisus
433 4278 493 4336 tuit,
509 4294 554 4329 no·
589 4275 1047 4340 c.n.extutmnrporiusr·ntmtteu·

94 4347 308 4395 minaturum.
323 4343 401 4396 Hunc
411 4345 483 4394 multi
492 4343 554 4395 doc·
589 4358 650 4404 oum,
679 4358 718 4392 um
730 4343 791 4392 urbs
803 4351 962 4392 memoretur
973 4343 1047 4392 Stru-

94 4411 187 4460 tiuirni
198 4410 356 4471 vtrifflutbo·
363 4411 405 4460 hio
414 4411 555 4468 mentitur
590 4357 741 4466 bontqtrrr.
759 4423 784 4472 p.
800 4411 853 4458 161.
867 4407 1047 4458 undiuersnb

94 4475 298 4539 Freinshemius,
319 4476 407 4527 Oreum
424 4490 480 4527 esre
498 4489 555 4527 cre·
590 4475 671 4526 Occu.
691 4473 787 4523 cren·
