3300 5225
422 566 530 617 ninas
555 566 668 619 1011.
688 564 1016 619 snrrnnnnnnnss.

158 706 293 789 publica,
317 708 447 769 omnium
472 730 563 793 quam
592 710 774 792 singulorum
799 712 1026 775 udmadoncm
1050 732 1116 775 esse

157 807 274 887 nquius
295 814 349 867 est.
390 805 444 867 An
467 808 577 869 oblitos
599 810 762 881 existimas,
784 809 858 890 quid
880 810 978 891 prima
997 809 1114 871 adoles-

156 904 259 963 centia
276 901 415 963 Cinnano
432 904 525 977 bello,
543 904 622 986 quid
639 904 746 967 deinde
768 908 799 967 in
822 906 930 969 Sicilia
946 907 1115 989 Africaque

154 1020 254 1061 rerum
267 1000 407 1080 generisi
437 1000 523 1063 Nam
533 1002 694 1064 Sertorium
707 1005 820 1067 bostem
832 1024 900 1065 cum
909 1025 1013 1066 omnes
1023 1006 1115 1067 nostri

154 1095 250 1159 duces
261 1096 494 1171 reformidarent,
507 1100 718 1182 propemodum
731 1102 797 1183 ipsa
813 1102 870 1163 tibi
890 1103 1049 1163 necessitas
1060 1101 1114 1163 de·

154 1194 224 1257 dit:
250 1196 345 1277 eoque
364 1198 566 1279 experimento
589 1199 716 1279 populus
737 1199 896 1261 Romarm
914 1200 1032 1271 didicit,
1054 1220 1115 1263 nou

154 1312 220 1353 eme
238 1294 350 1377 certius
367 1295 522 1377 minusque
541 1294 639 1357 fallax
660 1296 814 1369 iudicium,
836 1306 867 1358 te
890 1316 980 1358 unum
1002 1295 1115 1379 praefici

153 1391 282 1470 negotiis
299 1398 445 1472 oportere,
468 1410 559 1473 quam
575 1393 627 1452 ubi
647 1401 733 1453 tanta
752 1414 853 1455 eorum
870 1392 1031 1455 difficultas
1050 1414 1115 1455 esse

154 1488 257 1569 coepit,
275 1496 308 1549 ut
325 1508 345 1548 a
359 1490 476 1549 nemine
497 1510 557 1551 uuo
575 1490 710 1551 sustineri
731 1512 815 1572 pose
836 1491 1001 1552 videantur.
1042 1490 1114 1553 Tibi

153 1605 238 1659 vero,
253 1586 394 1668 Pompei,
409 1606 462 1669 pro
474 1590 581 1648 ceteris
593 1588 722 1649 moribus
735 1589 805 1659 tuis,
817 1610 931 1669 proque
941 1589 1000 1659 bac
1010 1598 1114 1649 mutua

152 1689 208 1742 tna
230 1683 394 1765 populique
417 1682 552 1745 Romani
571 1684 791 1757 benevolentia,
814 1686 891 1745 nihil
916 1674 1112 1747 recmandnm

152 1789 200 1841 est
213 1781 320 1853 onmis,
336 1780 422 1862 qnod
439 1782 479 1841 ob
500 1783 705 1844 necessitatem
726 1782 880 1866 publicam
893 1804 913 1844 a
924 1783 1040 1843 civibrm
1052 1784 1113 1843 tuis

152 1877 311 1939 carissimis
334 1878 422 1939 simul
452 1878 716 1960 amantissimisque
745 1879 914 1961 imponitur.
965 1879 1111 1961 Operam,

152 1994 237 2056 opes,
254 1974 382 2045 labores,
402 1974 534 2055 spiritum
551 1974 691 2057 denique,
713 1976 738 2037 si
756 1977 796 2037 sit
809 1996 895 2058 opus,
913 1975 1112 2057 impendenda

152 2071 260 2152 patriae
277 2069 457 2131 utilitatibus
474 2092 549 2144 esse,
569 2070 705 2153 praeclari
727 2071 773 2133 illi
790 2070 859 2144 viri,
876 2092 1002 2154 quorum
1019 2081 1052 2133 tu
1068 2072 1112 2131 ita

150 2166 284 2249 sequeris
304 2168 445 2247 vestigia,
466 2176 502 2229 ut
526 2167 739 2250 propemodum
761 2178 941 2243 antevertas,
963 2170 1111 2233 constanti

151 2262 334 2345 professione
345 2272 521 2326 statuerunt.

134 2358 139 2365 '
195 2368 245 2423 la.
266 2360 440 2423 ‘Invidiam
453 2370 552 2423 sutem
564 2381 602 2422 ne
614 2360 780 2442 expaveris.
811 2361 952 2443 Opprimi
966 2380 986 2421 a
998 2362 1110 2423 virtute

150 2459 253 2539 potius
269 2458 325 2519 illa
344 2468 452 2542 potest,
470 2478 560 2540 quam
577 2460 716 2521 virtutem
735 2459 916 2541 opprimere:
936 2478 1033 2539 neque
1044 2460 1111 2538 ejus

149 2556 267 2639 estqui
285 2576 385 2636 amore
404 2558 509 2640 patrie
527 2565 625 2620 cetera
647 2556 794 2618 terribilia
810 2557 911 2618 omnia
927 2564 1109 2630 contemnat,

149 2652 192 2714 ad
213 2653 316 2716 livoris
335 2654 605 2716 terriculamentum
626 2655 838 2737 expallescere.
879 2654 948 2734 Ego
963 2656 1109 2737 optimum

150 2771 349 2833 quemqueen
362 2771 425 2813 esse
443 2753 542 2813 animo
555 2760 639 2834 puto,
660 2761 695 2812 ut
711 2752 810 2834 potius
825 2752 936 2815 virtute
952 2754 994 2813 sit
1009 2761 1107 2814 tecum

148 2855 326 2921 certaturus,
349 2867 441 2928 quam
461 2856 495 2909 ut
511 2869 549 2909 ea
566 2847 683 2910 vilitate
705 2848 796 2908 animi
820 2847 946 2928 gloriam
965 2857 1047 2908 tuam
1069 2847 1108 2909 il-

1193 554 1281 627 4373
1414 594 1421 606 .

149 2943 266 3018 lustret,
290 2965 375 3006 suam
396 2944 544 3006 miseriam
567 2952 684 3024 augeat.
728 2944 869 3013 Quodsi
893 2952 993 3005 tamen
1012 2942 1108 3025 aliqui
1202 2987 1206 2990 -

148 3049 212 3104 tarn
225 3043 370 3123 perversis
381 3051 451 3103 sunt
462 3043 602 3114 moribus,
623 3062 661 3103 an
679 3042 749 3102 ideo
761 3051 791 3102 te
804 3031 981 3123 imperatore
992 3041 1109 3102 carebit

148 3138 339 3219 respublica?
361 3140 444 3208 Quin
456 3147 490 3200 tu
502 3139 552 3200 rel
566 3138 635 3199 ideo
654 3139 796 3219 promtius
809 3137 914 3198 oblata
924 3138 1060 3219 mscipis,
1072 3145 1107 3198 ut

148 3253 227 3314 agre
251 3235 346 3297 lacios
371 3236 504 3318 pessimis
527 3236 707 3310 bominibus,
734 3236 979 3316 inimicorumque
1003 3234 1106 3297 oculos

147 3346 269 3418 sspeotu
282 3336 407 3400 fascium
419 3347 533 3398 urorum
548 3346 638 3418 etque
651 3337 819 3398 laurearum
832 3357 963 3398 maceres
970 3337 994 3395 ι’

156 3421 157 3431 ἵ
189 3439 240 3495 20.
262 3433 380 3496 Contra
390 3435 456 3495 lnce
468 3433 504 3494 L.
517 3434 685 3495 Trebellius
700 3453 770 3496 cnm
790 3434 927 3516 crepinet
946 3433 1102 3509 disserere,

147 3549 204 3592 nec
217 3530 366 3593 silentium
379 3530 473 3604 lieret,
486 3531 581 3593 tribus
594 3532 624 3592 in
637 3531 779 3612 suffragia
790 3533 868 3593 mitti
878 3534 983 3594 vetuit.
1023 3531 1103 3593 Tum

147 3647 221 3689 vero
235 3627 395 3701 Gabinius,
407 3629 517 3690 omisso
529 3629 560 3690 in
573 3647 702 3710 praesens
714 3629 857 3714 Pompeii
869 3629 1005 3708 negotio,
1012 3627 1102 3689 dela.

145 3723 299 3787 Trebellio
311 3745 415 3805 rogare
429 3725 571 3807 populum
584 3727 684 3808 coepit.
725 3725 857 3836 Jamque
869 3727 963 3787 tribus
973 3736 1101 3808 septem·
1130 3751 1183 3806 cte.
1194 3769 1238 3819 pro

145 3821 246 3884 decim
258 3823 443 3883 tribunatum
456 3841 484 3882 er
475 3821 726 3902 Qabrogsvereut
738 3823 813 3884 etin
825 3831 940 3884 ecerat
955 3831 991 3882 ut
1009 3822 1102 3882 etiam
1112 3818 1212 3934 m:
1194 3791 1265 3870 otini

144 3917 388 3980 duodevicesima
398 3917 678 3999 suffragiumferret,
710 3918 1022 3988 lebiscitumlactura,
1032 3937 1101 3979 cum
1114 3947 1174 4000 Dio

146 4016 200 4084 vix
213 4014 359 4078 dimoveri
371 4035 391 4076 a
403 4017 555 4098 proposito
565 4035 669 4098 pessus
669 3941 859 4114 Trebellius,
871 4024 972 4078 umen
992 4015 1100 4078 incita·

146 4121 188 4174 re
200 4111 353 4174 concionis
364 4110 504 4174 fluctibus
516 4113 614 4174 cessit.

138 4264 142 4273 ,
186 4214 238 4270 21.
261 4207 380 4270 Deinde
403 4205 534 4270 Roscius
554 4208 638 4289 loqui
658 4227 751 4280 omns,
769 4225 838 4268 cum
857 4208 990 4270 animum
1011 4229 1131 4325 namop
1127 4211 1195 4264 Plus.

144 4303 328 4376 adverteret,
341 4304 441 4385 digitis
457 4303 585 4367 sublatis
596 4303 672 4366 duos
688 4323 752 4364 esse
773 4301 970 4384 designandos
986 4275 1221 4392 igniti-{²⁰¹''41l'2t

144 4403 245 4464 cavit·
267 4411 301 4462 ut
312 4402 397 4463 vel
374 4423 417 4462 ue
430 4403 571 4484 potentia
584 4401 724 4483 Pompeii
737 4401 893 4464 terminum
905 4401 1021 4486 figeret.
1042 4404 1097 4466 Ad
1109 4405 1169 4459 Dio.

208 4515 489 4579 mutaveras
658 4515 754 4568 reas
1122 4521 1193 4586 rar,
