3300 5225
858 566 894 614 Τ.
918 564 1015 615 bivii

532 730 600 773 eere
613 730 670 772 non
684 718 728 770 est
740 728 849 779 ausus;
871 710 944 790 quia
955 711 1088 771 nondum
1100 710 1129 771 ei
1139 707 1482 791 mtissutvirespisoo·

533 808 618 879 bant,
630 828 684 867 nec
697 808 860 867 exereitum
874 806 973 868 adbuc
985 827 1025 867 ex
1037 808 1247 868 senteutiama
1259 816 1483 888 pemrmaverat.

534 903 601 965 Alii
614 924 733 985 quoque
753 911 914 985 apparatus
924 902 1068 973 deerant:
1088 922 1157 965 curn
1169 904 1280 965 nuttios
1290 904 1422 965 civitatis
1433 924 1483 985 po-

533 1000 635 1083 pulive
647 999 772 1073 auxilio,
790 998 843 1059 sed
863 1009 978 1061 tantm
997 1001 1170 1083 corporibus
1187 1000 1380 1081 fugitivomm
1397 1010 1485 1082 atque

533 1118 731 1159 convenarum
745 1106 888 1157 uteretur.

514 1210 521 1225 ·
574 1200 605 1255 b.
627 1194 708 1272 Ergo
731 1202 765 1255 ut
792 1214 876 1255 uma
891 1201 1051 1273 ceteraque
1073 1192 1155 1254 bello
1173 1201 1342 1275 opportuna
1364 1213 1483 1273 compa-

533 1298 623 1362 raret,
648 1288 795 1351 Thurinos
817 1298 932 1352 montes
953 1290 1069 1351 sativis
1085 1289 1183 1351 iocum
1199 1292 1290 1371 oepit
1332 1290 1484 1371 Oppidum

532 1410 588 1470 pro
600 1389 706 1449 bornen
718 1408 815 1449 rerum
828 1388 958 1448 omnium
971 1387 1097 1449 babuit:
1117 1388 1217 1449 vicina
1230 1387 1291 1447 iate
1301 1386 1483 1468 populando,

533 1506 553 1546 a
573 1486 786 1547 mercatoribus
802 1487 939 1565 injuriam
956 1506 1073 1546 omnem
1090 1486 1253 1567 probibuit,
1270 1485 1418 1566 praecipue
1435 1486 1484 1565 qui

533 1602 575 1641 ms
586 1591 618 1642 et
629 1580 737 1643 ferrum
749 1582 895 1642 vendituri
908 1583 1052 1643 venirent.
1074 1582 1137 1642 Eas
1146 1602 1193 1642 res
1202 1602 1271 1642 cere
1280 1582 1484 1641 mercabatur:

532 1698 637 1739 surum
650 1686 864 1759 argentumque
877 1680 1041 1761 importari,
1052 1686 1105 1739 aut
1111 1678 1299 1760 importatum
1311 1679 1370 1738 erni
1384 1699 1404 1737 a
1414 1680 1484 1749 suia,

531 1794 634 1835 severo
647 1774 747 1835 edicto
761 1784 908 1838 vetuerat.

573 1878 604 1931 6.
626 1871 709 1932 Dum
721 1872 749 1931 in
765 1870 860 1931 Itnlia
872 1873 950 1933 hune
964 1870 1003 1932 ad
1017 1870 1139 1933 modurn
1148 1879 1292 1942 certatum,
1306 1870 1484 1952 Hispanis!

373 1978 523 2031 normes.
534 1988 554 2029 a
566 1966 700 2029 Sertorio
712 1970 807 2047 magis
819 1969 950 2030 alienum
961 1970 1069 2040 meltis,
1077 1990 1167 2050 quarn
1175 1968 1382 2029 Romanorum
1394 1969 1440 2027 vis
1450 1988 1485 2028 aa

373 2045 523 2175 ffiffl*
534 2066 623 2126 robur
636 2066 809 2129 vindicavit
853 2067 929 2127 Erat
940 2066 991 2126 ille
998 2070 1077 2147 jam,
1097 2076 1131 2127 ut
1144 2067 1287 2139 diximus,
1299 2065 1432 2127 infensas
1442 2068 1484 2125 in·

534 2162 671 2244 visusque
692 2162 854 2245 plerisque,
871 2162 952 2243 quod
971 2164 1171 2246 deprehensas
1187 2172 1241 2224 eut
1255 2162 1385 2224 creditae
1405 2165 1437 2223 in
1456 2184 1486 2222 se

372 2274 440 2326 Plut.
450 2274 512 2325 εστι.
533 2260 764 2341 conspirationes
777 2260 917 2321 atrociter
929 2262 1095 2342 puniverat.
1131 2259 1240 2339 Igitur,
1251 2260 1390 2321 aiienstis
1396 2260 1484 2319 semel

533 2356 651 2428 animis,
669 2358 767 2417 omnin
788 2356 874 2419 ducis
885 2367 965 2418 reete
985 2358 1123 2419 moenita
1139 2358 1334 2419 taruanorum
1352 2357 1425 2417 doio
1441 2368 1485 2417 at-

531 2472 592 2534 que
610 2455 799 2515 contumacia
820 2454 850 2513 in
872 2456 1052 2514 contrarium
1074 2455 1247 2523 vertebantz
1285 2454 1485 2535 Hispanique,

534 2560 653 2632 proptor
667 2550 781 2612 tributa
796 2570 833 2612 ao
852 2550 1013 2633 supplicia,
1032 2570 1101 2632 quc
1119 2550 1204 2612 velut
1222 2550 1345 2612 Senorii
1354 2554 1442 2632 jum
1454 2570 1485 2612 s·

531 2647 620 2708 cerbe
639 2647 847 2727 exigebantur,
859 2648 1043 2708 deficiebant
1054 2670 1074 2708 a
1085 2649 1228 2730 partibus.
1270 2649 1325 2708 An
1337 2648 1393 2709 bos
1403 2669 1484 2708 revo-

533 2744 648 2804 candos
660 2745 712 2825 qui
726 2745 932 2815 mittebantur,
943 2743 983 2804 de
995 2745 1299 2824 industriaaagebant
1309 2746 1380 2817 iras,
1393 2747 1485 2824 majo

534 2861 655 2923 remque
680 2843 711 2902 in
733 2841 854 2902 modurn
876 2841 998 2902 irritatis
1023 2843 1158 2902 bubaris
1181 2843 1413 2904 revertebantur.
1455 2841 1485 2901 la

532 2935 617 2998 dolor
628 2957 648 2998 a
660 2938 791 3020 pristinis
809 2937 939 2998 moribus
955 2937 1032 2998 adeo
1043 2936 1172 2999 deduxit
1183 2936 1359 3010 Sertorium,
1380 2946 1415 2999 nt
1431 2958 1483 2999 ss-

531 3035 610 3096 viret
629 3035 659 3096 in
684 3035 848 3117 principum
869 3035 991 3106 liberos,
1015 3037 1070 3116 qui
1097 3035 1187 3098 Oscae
1216 3035 1432 3108 mmmm,
1456 3047 1485 3098 st

533 3141 617 3215 parte
630 3132 796 3204 interiectu,
809 3140 924 3193 ceteros
934 3133 966 3192 in
977 3133 1149 3193 concitantem
1161 3133 1312 3195 venderet.

574 3235 604 3293 7.
628 3229 711 3290 Ι)ιιιιι
730 3230 796 3290 buc
812 3239 950 3309 aguntur,
972 3229 1127 3311 Perperna
1139 3240 1246 3312 praeter
1257 3239 1374 3292 ceteros
1384 3233 1483 3311 conju·

467 3365 471 3372 ·
532 3337 613 3388 ratos
625 3327 654 3388 in
668 3329 842 3388 societatem
860 3327 977 3389 comitii
993 3327 1144 3388 Manlium
1163 3327 1312 3408 quendam
1328 3349 1368 3390 ex
1385 3327 1482 3390 Serto

533 3425 624 3486 rianio
641 3425 769 3487 ducibus
789 3427 942 3486 asciverat
985 3424 1152 3507 Deperibet
1171 3425 1368 3486 adolescentis
1388 3427 1484 3506 cnjus·

532 3523 604 3584 dam
616 3524 695 3604 turpi
709 3543 809 3584 amore
828 3521 982 3584 Manlius:
1002 3543 1131 3604 eumque
1148 3533 1183 3584 nt
1200 3523 1294 3603 aragia
1309 3524 1368 3585 sibi
1382 3524 1484 3605 adjun-

533 3629 626 3700 geret,
639 3621 742 3681 missos
754 3620 830 3680 alios
847 3618 948 3681 iacere
962 3629 1113 3681 amotores
1129 3622 1264 3682 bortstus
1280 3632 1327 3682 est
1335 3643 1345 3693 ι
1367 3623 1485 3703 suique,

534 3737 604 3778 mox
618 3717 774 3778 interfecto
789 3705 932 3789 Sertorio,
953 3716 993 3776 ad
1009 3717 1156 3780 maximas
1171 3739 1244 3799 opes
1256 3727 1444 3800 perventuro,
1456 3741 1486 3779 se

533 3811 616 3874 dare.
659 3813 738 3874 Eum
757 3833 923 3874 sermonem
942 3811 1069 3874 Aufidio
1081 3815 1223 3875 ouidan'
1242 3815 1418 3876 adoleamus
1432 3837 1486 3878 ex-

425 3895 432 3910 *
534 3911 643 3992 posuit,
662 3911 692 3971 in
711 3931 799 3990 quem
818 3919 885 3971 erat
901 3911 1111 3972 benevolentia
1129 3913 1309 3994 propensior.
1352 3912 1412 3974 Iile
1429 3933 1486 3972 non
1541 3956 1543 3959 -

533 4008 639 4069 ieviter
662 4011 738 4069 ictus
762 4011 845 4086 (num
865 4017 899 4068 et
919 4011 983 4091 ipse
999 4017 1065 4069 erat
1084 4011 1162 4070 inter
1182 4013 1366 4090 conjuratos,
1385 4009 1438 4071 sed
1458 4020 1489 4070 et

536 4105 769 4180 Manliumcare
787 4106 951 4185 nesciebat)
971 4105 1158 4168 diminutus
1178 4117 1279 4170 tannen
1295 4111 1488 4180 conscientia,

496 4207 501 4216 “
535 4213 623 4283 negat
641 4205 738 4267 verbis
754 4205 881 4265 bominis
901 4206 1016 4265 ventosi
1035 4214 1069 4265 ct
1086 4204 1161 4267 ievis
1178 4204 1377 4270 adhibendum
1398 4205 1489 4268 fidu

743 4435 760 4483 θ
778 4431 883 4489 Qum
892 4430 1025 4502 legitimis
1035 4429 1099 4481 edd.
1109 4439 1172 4482 aste
1183 4431 1262 4484 Cres.
