3300 5225
891 528 930 593 φ.
947 528 1046 595 arser
1142 485 1150 503 ⁸

566 690 627 752 qus
648 672 869 753 peregrinorum
892 670 1170 754 oppidanoromqoe
1194 688 1334 739 nouenos
1361 678 1531 752 apontsnee

528 756 531 765 ’
566 768 712 833 concione
725 767 918 831 ceramicum
931 768 1120 851 impleverat.
1161 767 1365 849 Circaipmn
1378 768 1530 859 precipue

567 864 723 946 promebat
740 865 819 935 inter
830 885 862 927 se
875 866 1014 947 populus,
1033 864 1196 926 satellitum
1210 866 1306 927 vicem
1316 864 1532 928 comitantibus

567 962 704 1035 limatis,
718 964 770 1043 qui
793 970 828 1025 ut
851 963 963 1045 popolo
975 963 1141 1044 placerent,
1161 963 1221 1025 lnoo
1239 982 1347 1025 munus
1358 970 1531 1043 nprrerm

569 1056 636 1119 Alii
648 1080 703 1141 pro
715 1080 824 1141 magno
835 1061 998 1135 (lucebunt,
1010 1060 1037 1121 ai
1049 1058 1100 1122 vel
1115 1060 1292 1121 vestimenta
1310 1061 1441 1123 hominis
1458 1080 1531 1143 pos-

566 1162 633 1217 sent
643 1156 826 1237 contingere.

608 1260 659 1315 44.
680 1254 766 1315 Ante
789 1255 938 1337 porticum
963 1253 1067 1317 Attali
1091 1264 1275 1317 exstructum
1296 1256 1429 1317 ffibonal
1452 1266 1531 1329 ent,

567 1350 645 1413 unde
657 1356 829 1415 concionari
840 1353 1032 1435 proconsules
1041 1353 1175 1417 Romani
1186 1364 1412 1417 consueverant.
1454 1354 1532 1419 Hoc

567 1468 728 1512 conscenso
740 1452 891 1521 Aristion,
908 1452 1158 1535 circumspectans
1170 1454 1200 1514 in
1213 1454 1330 1525 orbem,
1339 1452 1451 1515 deinde
1460 1456 1532 1517 eub-

568 1544 677 1607 latisin
691 1547 797 1609 coeluur
810 1548 917 1621 oculis,
941 1548 1033 1609 ‘Res
1051 1550 1117 1631 ipsa
1135 1571 1184 1612 me
1203 1552 1296 1631 cogit,
1316 1550 1532 1624 Athenienses,

568 1646 731 1727 patrieque
748 1646 880 1719 caritae,'
899 1647 1008 1729 inquit,
1031 1655 1171 1729 ‘utque
1192 1648 1267 1709 milri
1285 1657 1443 1730 comperte
1463 1657 1534 1712 sunt

444 1814 450 1825 Ι
567 1762 626 1803 non
639 1744 800 1805 reticeam:
820 1744 950 1806 vicisim
962 1765 1066 1805 eornm
1077 1766 1146 1827 quae
1157 1745 1287 1807 dicende
1301 1755 1372 1807 sunt
1384 1748 1533 1826 gravius.

567 1850 599 1903 et
611 1841 793 1905 incredibilis
803 1863 901 1905 rerum
913 1844 1068 1905 conversio
1078 1864 1184 1907 vocem
1196 1844 1389 1906 intercludit'

608 1946 661 2001 46.
682 1928 925 2003 Ἀἀὴοηιιιῐίδιιι
951 1940 1063 2003 deinde
1091 1943 1208 2003 cunctis
1232 1951 1269 2003 ut
1293 1941 1533 2024 proloqumtur,

568 2047 579 2076 ‘
594 2038 678 2121 Ergo
697 2040 787 2120 igitur
808 2039 940 2102 (licenda
954 2041 1044 2113 ornt,'
1066 2041 1176 2123 inquit,
1186 2048 1206 2119 .‘
1218 2040 1324 2121 qualia
1336 2060 1375 2101 ne
1389 2062 1444 2123 per
1454 2062 1533 2103 som-

568 2137 650 2197 nium
669 2138 791 2219 quidem
803 2148 964 2220 expectare
975 2138 1133 2219 quisqusrn
1145 2140 1301 2222 potuisset.
1343 2136 1420 2199 Rex
1435 2138 1533 2199 Mitlr·

568 2242 679 2305 rirlstes
700 2244 879 2327 Bithynicus
898 2245 1027 2316 obtinet,
1046 2253 1138 2324 atque
1159 2243 1401 2327 Cappadociam,
1422 2244 1534 2307 Asiam

568 2348 712 2422 preterea
724 2362 841 2403 omnem
855 2340 895 2403 ed
908 2341 1110 2424 Pamphylios
1123 2362 1217 2423 usque
1229 2350 1262 2403 et
1275 2340 1402 2409 Cilicas.
1430 2340 1534 2423 Reges
1598 2424 1603 2430 .

568 2438 781 2501 Armeniorum
795 2438 1018 2521 Persarumque
1030 2440 1062 2500 in
1074 2440 1220 2501 satellitio
1238 2440 1343 2512 habet,
1358 2439 1536 2503 Mucticcs·

568 2558 627 2618 que
639 2536 769 2619 repulus,
782 2538 880 2619 etqui
895 2536 992 2599 Ponti
1012 2538 1182 2600 universum
1203 2537 1291 2599 illurn
1313 2538 1463 2602 mcum
1482 2558 1536 2620 pen

567 2634 690 2716 triginta
701 2636 866 2698 stadiorum
877 2636 998 2698 millis¹
1011 2636 1174 2718 possident.
1195 2635 1331 2698 Romani
1344 2655 1418 2699 vero
1430 2635 1534 2709 eluces,

569 2731 613 2800 Q.
633 2732 753 2815 Oppiue
776 2732 971 2816 Pamphyliae
993 2733 1152 2816 proconsul
1174 2733 1205 2794 in
1227 2732 1358 2795 vinculis
1378 2733 1535 2814 seqniturr

571 2827 694 2892 Manius
706 2830 863 2912 Aquillius
874 2830 1032 2892 consulatu
1050 2829 1184 2902 innam,
1205 2840 1239 2892 et
1258 2829 1364 2892 Siculo
1382 2831 1535 2913 triumpho

570 2925 704 3006 insignis,
719 2927 901 2989 Bastarnam
921 2925 1072 3008 quendam
1093 2928 1228 3008 quinque
1247 2928 1417 2990 cubitorum
1440 2927 1537 2990 lomi·

570 3041 651 3104 nem,
663 3031 772 3086 mune
783 3024 890 3087 eudem
912 3027 1041 3096 vincon,
1053 3023 1107 3084 sed
1127 3011 1260 3105 equitem
1279 3023 1373 3105 pedes
1390 3026 1537 3105 seqnitur.

571 3119 685 3184 Cetera
696 3130 865 3201 togatorum
885 3124 974 3184 turbe
991 3121 1041 3185 vel
1054 3120 1095 3182 ad
1114 3123 1181 3203 ipsa
1200 3122 1356 3182 numinum
1375 3122 1537 3183 simulacra

571 3217 681 3282 effudit
692 3219 840 3300 spirioim,
852 3219 903 3280 vel
917 3221 1037 3300 abjecto
1047 3218 1146 3301 patrio
1164 3218 1249 3280 cultu
1269 3219 1433 3300 palliorum
1446 3221 1535 3300 haef

573 3313 644 3378 licio
656 3324 766 3378 servat.

613 3419 665 3474 46.
686 3422 695 3450 ⁶
712 3411 862 3474 Civitates
873 3419 974 3472 autem
986 3431 1092 3498 omnes
1102 3411 1321 3492 sugrnfioribus
1332 3432 1426 3494 quam
1439 3413 1535 3474 laoni-

574 3529 643 3571 nem
656 3509 703 3572 fes
714 3509 928 3571 esthonoribus
939 3518 1110 3591 exceptum,
1123 3509 1224 3571 Deum
1234 3509 1367 3572 lateumr
1378 3517 1412 3573 et
1422 3528 1536 3572 nuncu·

575 3617 660 3692 pant.
702 3605 839 3670 Oracula
860 3627 980 3688 qnoque
1005 3607 1114 3688 possins
1131 3608 1212 3668 lrunc
1231 3605 1420 3686 designatum
1435 3627 1456 3670 a
1468 3606 1538 3668 Diis

574 3706 726 3768 dominum
748 3713 780 3766 et
797 3712 942 3766 rectorem
965 3705 1059 3766 Orbis
1078 3713 1201 3766 cenum.
1244 3703 1308 3765 Sed
1327 3719 1360 3765 et
1374 3703 1536 3766 ahman

574 3804 641 3884 ipsa
654 3802 749 3866 Itslin
771 3801 885 3882 legatir
907 3801 1016 3864 admnt
1032 3811 1065 3864 et
1082 3804 1123 3864 ab
1141 3803 1207 3883 ipsa
1224 3800 1429 3882 Ocungim
1451 3801 1535 3864 etarl

574 3900 749 3962 evertendas
762 3899 874 3960 Rome
887 3919 972 3981 opes,
984 3901 1149 3962 amicitiam
1161 3901 1239 3980 regis
1249 3908 1283 3960 et
1293 3901 1469 3962 societatem
1479 3919 1536 3984 αις

574 3999 700 4080 petunt)

614 4099 666 4160 4⁷.
689 4093 770 4156 Haen
788 4094 840 4156 ubi
857 4094 995 4167 dixisset,
1013 4093 1134 4156 silentio
1149 4093 1338 4174 interposito,
1349 4113 1421 4154 curn
1434 4094 1537 4176 capite

573 4193 652 4256 inter
663 4213 695 4256 se
706 4193 841 4255 conferre
852 4193 998 4265 homines,
1009 4201 1046 4254 ct
1053 4191 1093 4253 (le
1110 4191 1199 4252 rebus
1218 4199 1283 4252 turs
1300 4191 1463 4272 inopinatis
1473 4191 1538 4254 da,

641 4366 1023 4462 ementitus-ullis]
1034 4393 1137 4467 bencus
1146 4397 1281 4465 npstsnes
1293 4395 1369 4444 itte.
1387 4393 1462 4448 cres.
1532 4458 1538 4466 .
