3300 5225
391 632 404 675 Ι

239 1012 1171 1213 supennMnNnuM
1261 1142 1265 1149 ·

533 1390 672 1459 LIBRI
702 1391 867 1461 LXXII.

446 1706 449 1711 .
480 1618 920 1731 nisnourlnuuu

318 1884 379 1971 u.
432 1860 624 1975 nr'vn
678 1883 1066 1974 Puunvnur.

138 2392 169 2446 1.
193 2358 358 2448 Brennum
373 2380 527 2458 Italicum,
540 2406 711 2468 quanquam
729 2384 840 2447 sociale
853 2384 954 2447 vocari
968 2404 1091 2445 cousue-
1104 2382 1252 2435 F¹⁰¹·¹¹1·l⁸·

138 2484 225 2553 verit,
247 2484 273 2543 ai
291 2502 394 2543 verum
413 2490 590 2563 spectemus,
613 2483 797 2543 simillimum
818 2482 902 2543 civili
923 2481 1000 2542 fult:
1022 2502 1090 2541 cum

136 2580 292 2664 sanguine,
306 2579 392 2651 locis,
409 2578 484 2640 belli
502 2578 632 2663 denique
650 2598 687 2642 ac
704 2580 789 2662 pacis
802 2580 946 2662 pleraque
959 2598 1089 2640 commu-

55 2698 61 2708 ·
137 2680 225 2738 nioue
238 2679 343 2738 mixtae
355 2679 506 2758 unitaeque
516 2679 628 2760 populo
647 2677 788 2739 Romano
809 2679 954 2749 nationes,
968 2685 1089 2758 repente

135 2775 256 2838 bestilia
275 2775 442 2848 induerent,
462 2776 658 2857 asperioribus
676 2775 764 2848 odlia,
785 2785 819 2837 ut
837 2776 916 2836 solet
934 2778 964 2836 in
976 2774 1089 2835 dissen-

135 2875 216 2933 sione
239 2872 557 2951 conjunctissimorum,
570 2893 660 2952 quam
676 2874 703 2932 ai
721 2893 790 2934 cum
809 2873 1000 2952 quantumvis
1021 2872 1088 2931 bar·
1151 2947 1154 2952 Ι

135 2969 209 3030 buta
222 2979 313 3049 geute
325 2976 493 3049 auaceptum
506 2978 657 3030 certamen
669 2969 756 3032 loret.
784 2967 881 3049 Igitur
890 2970 967 3029 intra
979 2987 1090 3050 paucos

133 3066 277 3148 deincepa
289 3086 382 3126 annos
401 3065 558 3146 plusquam
578 3075 712 3127 trecenta
731 3065 827 3127 millia
843 3066 1010 3146 juventutis
1024 3064 1089 3126 lta·
1102 3073 1253 3126 vellanis.

134 3163 202 3224 llcae
218 3162 302 3222 bello
313 3163 451 3223 absumta
465 3162 629 3224 traduntur.
672 3163 767 3225 Multl
779 3164 858 3223 enim
870 3162 1022 3243 validique
1035 3183 1088 3244 po·
1277 3199 1283 3212 ι

132 3261 197 3341 puli
209 3258 394 3331 defecerant,
406 3268 572 3340 postquam,
586 3259 883 3321 initioaPlcentibus
889 3269 966 3332 orto,
978 3261 1088 3321 civium
1102 3255 1156 3306 Ην·
1167 3255 1247 3334 ΕΡίῑχ
1363 3275 1368 3286 ‘

132 3355 342 3418 Romanorum
356 3354 465 3416 Aacull
477 3355 588 3417 effunue
600 3358 784 3437 sanguinent

172 3461 205 3514 2.
229 3452 281 3514 Ex
305 3455 342 3515 iia
363 3473 438 3535 quoa
458 3453 497 3515 ad
518 3452 735 3534 explorandum
753 3473 821 3535 quie
842 3453 964 3514 neoclis
986 3451 1089 3513 fierent
1100 3439 1224 3556 obpiim

132 3548 238 3611 Roma
249 3551 354 3611 minace
371 3549 462 3612 luisse
481 3549 624 3623 diximus,
645 3549 767 3631 quidam
790 3547 1009 3611 adolescentem
1026 3549 1088 3610 Aa·
1148 3541 1155 3556 '
1178 3542 1185 3558 ’

132 3647 275 3708 culanum
288 3647 358 3709 duci
370 3645 536 3710 Corfinium
549 3647 675 3719 viderat,
691 3657 726 3708 ut
737 3647 791 3718 ibi,
804 3645 1088 3707 sicut'communiter

132 3753 326 3816 convenerat,
351 3765 406 3826 pro
424 3765 480 3805 aua
500 3745 624 3806 civitate
647 3745 733 3806 obaea
758 3743 845 3805 foret.
888 3741 927 3803 Id
952 3762 1021 3803 cum
1044 3744 1087 3811 Q.

132 3839 275 3913 Servilio,
291 3842 388 3922 quiin
406 3861 444 3902 eu
456 3849 541 3923 parte
563 3839 665 3902 Itulioe
683 3840 859 3922 proconsule
878 3840 998 3919 agebat,
1012 3859 1086 3902 nun-

131 3940 241 3998 tiatum
253 3947 344 4010 eoaet,
357 3957 481 4020 propere
500 3939 628 4000 accurrit
645 3937 805 4010 Aaculum,
819 3945 854 3998 ut
866 3937 1019 4018 incipienti
1032 3936 1086 3998 ad·

131 4035 190 4096 buc
209 4035 294 4096 malo
312 4045 488 4096 occurreret
531 4035 672 4098 ceterum
692 4055 747 4097 nec
763 4035 930 4117 opprimere
951 4033 1086 4094 morbum

133 4135 241 4212 potuit,
253 4142 286 4193 et
297 4153 353 4193 aua
363 4151 432 4192 cum
445 4133 576 4214 pernicie
588 4153 677 4214 supra
688 4132 809 4194 modum
820 4131 1013 4194 exulceravit.

173 4237 204 4290 3.
226 4231 306 4290 Ludi
318 4239 383 4290 turn
395 4229 471 4290 forte
483 4231 658 4310 agebantur,
671 4251 719 4292 rea
731 4232 931 4292 unaomnium
941 4229 1086 4291 maximoe
1099 4239 1162 4292 Flor.

132 4347 237 4406 cogere
250 4338 345 4389 coetrm
354 4327 453 4389 solitu.
495 4327 592 4389 Erant
603 4349 641 4389 ea
649 4329 769 4389 omuino
780 4339 925 4408 tempora,
936 4327 1017 4406 iique
1031 4327 1083 4386 ho·
1099 4339 1202 4406 Appiae.

132 4426 243 4486 minum
255 4425 359 4499 animi,
373 4434 408 4486 ut
425 4425 574 4488 lenimina
586 4445 712 4508 quaeque
727 4423 857 4485 remedia
870 4425 926 4506 vix·
943 4423 1030 4484 laturi
1040 4425 1084 4485 vl-
