3300 5225
364 586 468 639 trusi
493 588 634 639 cxxvi.
656 586 984 643 surruausrtrun.
1145 567 1235 638 tete

110 751 196 793 num
219 730 353 793 habehat
373 732 547 804 exercitum,
566 708 784 813 qulnquaginta
805 730 940 815 peditum
959 730 1067 804 millia,

111 850 165 889 sex
177 831 325 909 equitnm.
367 828 478 909 Neque
492 830 587 891 minus
606 829 777 891 Mithridati
787 830 896 890 virium
911 837 986 901 erat,
998 849 1069 890 cen-

111 935 173 987 tum
184 927 406 1007 qninquaginta
417 926 514 988 millia
527 928 638 1009 proprii
650 928 763 999 militis,
775 948 844 988 eum
856 927 988 1008 equitum
1002 926 1069 987 mil-

112 1022 190 1083 lihus
202 1022 424 1103 quadraginta:
445 1043 536 1085 naves
549 1032 637 1085 tecte
645 1032 796 1095 umente,
810 1032 931 1085 centum
943 1023 1068 1084 dicrota

113 1119 235 1181 Deinde
248 1120 379 1202 reliquus
390 1130 550 1203 apparatus
562 1130 653 1183 tantae
662 1120 847 1203 expeditioni
859 1140 918 1181 noa
931 1121 1036 1204 impar.

149 1224 202 1277 49.
236 1216 423 1278 Praetoribus
448 1216 651 1299 Neoptolemo
673 1218 802 1278 maxime
830 1225 863 1279 et
884 1217 975 1278 fratre
1002 1220 1069 1298 ejus

112 1312 268 1375 Archelao
288 1316 437 1386 utebatur,
449 1314 637 1375 nobilissimis
653 1314 736 1387 viris,
752 1324 785 1376 et
801 1335 895 1395 mnus
911 1315 1067 1395 adrogent
1096 1326 1199 1393 Joreph.

111 1410 298 1489 Argivorum
318 1410 495 1484 Temenum,
518 1413 606 1492 cujus
631 1412 708 1473 inter
733 1421 865 1493 posteros
884 1422 917 1473 et
937 1392 1221 1509 Mumulssffi,
1245 1428 1248 1433 ’

112 1507 295 1569 Alexander
310 1506 380 1581 tuit,
392 1508 595 1571 referentibus.
643 1507 704 1569 Sed
716 1508 778 1589 ipse
796 1529 850 1569 rex
863 1529 916 1590 per
928 1529 960 1569 se
972 1509 1067 1569 admi·
1079 1522 1190 1588 Appiae.

111 1604 259 1665 thoaba
275 1604 415 1685 plurima.
456 1604 586 1667 Auxilia
603 1624 643 1665 ex
665 1604 783 1667 Minore
804 1604 1066 1667 ArmeniaArca·

112 1701 189 1761 thies
203 1700 394 1762 Mithridatis
413 1700 505 1782 ipsius
517 1698 597 1762 filius
614 1700 792 1774 adduxerat,
805 1702 910 1763 decem
931 1704 1067 1783 equitum

110 1798 216 1859 millia.
261 1796 414 1879 Dorylaus
431 1798 608 1879 phalangem
631 1798 764 1878 regebat.
807 1799 951 1861 Craterus
974 1801 1068 1860 curri·

108 1894 165 1954 hus
181 1892 304 1955 falcatis
320 1902 456 1976 preerat,
473 1914 594 1956 numero
610 1904 729 1956 centum
749 1896 880 1974 triginta.
904 1894 987 1967 ‚Ha
1002 1908 1068 1956 tum
1157 1931 1159 1936 ·

110 1992 148 2050 ah
159 1999 289 2071 utraque
302 1999 386 2071 parte
396 1990 492 2073 copia
504 2000 600 2065 erant,
611 2011 681 2052 cum
694 1993 820 2074 primum
830 1992 972 2055 Romana
983 2012 1068 2053 arma

112 2086 331 2149 Mithridaticis
347 2086 454 2149 collisa
469 2096 549 2149 sunt.
1217 2122 1227 2131 -

147 2190 201 2245 5⁰.
232 2183 372 2245 Primum
392 2184 467 2245 inter
490 2182 692 2247 Nicomedem
714 2192 746 2245 et
764 2183 857 2245 duces
882 2182 1068 2246 Mithridatis
1094 2184 1230 2238 suetan.

110 2282 187 2363 (ipe
201 2282 285 2343 enim
297 2281 414 2360 aberat)
428 2280 563 2363 pralium
575 2280 633 2343 luit
645 2281 725 2364 apud
738 2279 847 2342 flumen
857 2280 1004 2354 Amaian,
1015 2281 1067 2341 uhi
1078 2255 1203 2365 [ἔξω

110 2377 299 2441 Nicomedes
317 2378 481 2440 exercitum
498 2398 584 2439 suum
602 2378 752 2440 momuxit.
794 2376 842 2439 At
854 2378 979 2440 Pontici
997 2399 1066 2439 curn
1078 2380 1188 2446 Appias.

109 2476 139 2535 in
156 2477 329 2537 universum
349 2474 546 2556 quadraginta
562 2476 707 2559 peditum,
722 2475 825 2537 decem
844 2476 979 2557 equitum
998 2476 1067 2537 mil·

109 2574 152 2636 lia
168 2574 334 2646 haherent}
360 2574 432 2656 quia
452 2573 586 2656 phalanx
605 2574 690 2656 sequi
711 2592 770 2636 non
790 2582 940 2658 potuerat,
960 2582 1068 2656 prater

111 2671 269 2734 Arcathire
291 2673 468 2754 equitatuum,
489 2671 693 2754 quosdamque
720 2672 899 2733 falcatorum
916 2691 1066 2744 curmum,

110 2769 316 2831 mamnrmodo
337 2767 433 2831 levem
449 2775 629 2830 armaturam
646 2768 844 2830 adduxerant.
887 2765 1007 2829 Idcirco
1028 2788 1067 2828 no

111 2865 346 2928 amaltitndine
374 2866 572 2948 Bithynorum
604 2867 895 2938 circumvenirentur,
920 2865 1068 2926 tumulum

110 2961 263 3043 quendam
276 2982 416 3025 saxosam
435 2962 577 3025 mediocri
597 2962 734 3045 praesidio
754 2969 947 3042 occuparunt.
987 2960 1067 3022 Ani·

110 3057 338 3120 madversuma
360 3058 502 3141 Bithynia
521 3059 676 3120 consilium
695 3067 761 3120 est:
782 3067 814 3120 st
831 3058 871 3119 ad
889 3078 1067 3140 recuperan-

109 3153 181 3216 dum
197 3153 310 3217 collem
329 3175 444 3236 magna
462 3156 557 3238 copia
574 3155 682 3218 missas.

148 3259 201 3312 tl.
224 3249 324 3332 Igitur
335 3249 566 3333 Neoptolemus,
579 3251 631 3312 nbi
648 3252 740 3333 dejici
752 3271 821 3312 suos
832 3251 926 3323 videt,
937 3251 1067 3311 aluum

110 3348 241 3409 mum
261 3349 293 3407 in
311 3367 349 3410 eo
362 3348 440 3410 verti
461 3355 543 3409 ratus
558 3357 593 3410 ut
610 3347 693 3410 locus
705 3357 865 3420 teneretur,
878 3347 1013 3410 celeriter
1026 3345 1067 3408 ad

110 3463 198 3525 opem
224 3443 378 3506 lesendam
404 3441 539 3517 advolat,
567 3444 716 3512 Aroathia
740 3465 861 3526 quoque
890 3447 922 3506 in
951 3451 1067 3526 partem

111 3539 235 3621 ptirimtli
255 3540 362 3602 accito.
397 3538 473 3602 Hoc
492 3539 544 3600 ubi
564 3539 749 3603 Nicomedes
761 3541 934 3624 ,conspexit
949 3541 1066 3600 nniver-

109 3636 396 3718 cumrapitagmen,
413 3644 526 3718 etpost
546 3655 613 3699 acre
633 3645 795 3710 certamen,
814 3637 909 3700 multo
925 3634 1066 3715 smgirine

110 3732 188 3808 hiso,
202 3731 427 3796 Mithridaticos
437 3732 468 3793 in
482 3731 583 3813 sugam
596 3733 675 3812 agit3
698 3733 820 3794 illustris
836 3734 971 3796 victoriae
985 3731 1068 3792 lum·

110 3849 158 3892 nu
168 3849 305 3916 compos,
318 3829 375 3890 nisi
385 3828 556 3892 Archelaus
565 3848 633 3894 oum
644 3829 705 3892 sois
715 3839 830 3893 mature
842 3838 1066 3914 persequentem

110 3925 260 4006 fugientes
273 3946 293 3987 a
304 3925 398 3986 latere
410 3925 575 3988 inminet

150 4029 202 4084 52.
216 4020 324 4104 Hujus
332 4022 442 4083 virtute
451 4029 484 4082 et
496 4018 655 4103 prudentia
666 4018 789 4082 mirifice
797 4030 982 4084 commutata
991 4043 1066 4105 pug-

110 4137 155 4178 rue
168 4117 288 4182 fortuna
298 4125 354 4180 sd.
386 4115 615 4179 Namaversum
628 4117 658 4176 in
671 4137 703 4178 se
716 4114 930 4190 Nicomedem,
938 4120 1065 4200 jamque

110 4213 705 4297 conceptaspevincendi,etimpatientia
715 4231 805 4273 mora
812 4212 941 4276 calidius
949 4216 1063 4277 instan-

110 4321 183 4384 tem,
195 4313 319 4374 senatis
334 4309 485 4372 ordinibus
500 4309 608 4372 senum
621 4309 788 4394 recedendo
801 4311 945 4393 tantisper
956 4315 1063 4386 tenuit,

110 4411 207 4474 donec
219 4408 422 4491 Neoptolemo
434 4405 580 4471 retinendi
592 4427 661 4468 suos
676 4407 830 4492 aciemque
842 4406 1063 4490 redintegrandi
