3300 5225
381 586 469 653 46OE

614 601 720 653 tratti
745 598 892 651 [rull.
914 598 1243 667 surrentum.

545 746 733 826 nagbustus
752 744 942 814 suctomtete.
960 742 1120 806 concordie
1141 760 1245 804 omues
1265 739 1504 801 ‹loficereuturzt

544 843 698 925 multoque
711 841 780 924 plus
790 840 896 903 virium
907 840 1005 902 dimas
1015 840 1046 901 in
1063 848 1163 922 partes
1175 838 1279 901 Roma
1290 838 1426 912 baberet,
1439 861 1503 922 quo

544 962 576 1003 se
588 941 779 1023 opprimeret,
789 956 880 1021 quam
892 960 952 1020 quo
963 936 1180 1001 defenderem.

584 1045 636 1099 48.
658 1036 741 1099 Erec
762 1037 900 1099 nimirum
915 1035 971 1097 illa
989 1046 1036 1098 est
1054 1034 1196 1097 Munna
1215 1035 1395 1117 respublica,
1411 1036 1506 1115 cujus

438 1187 441 1195 .
545 1133 776 1214 magnitudinem
797 1153 900 1205 omues
921 1131 1080 1202 miranturz
1102 1142 1135 1193 et
1153 1131 1359 1193 solertissimus
1373 1133 1502 1213 quisque

545 1232 633 1293 rebus
645 1232 705 1291 suis
716 1230 828 1313 optime
840 1228 1007 1292 consultum
1019 1230 1251 1300 existimaret,si
1262 1229 1302 1290 cd
1313 1229 1420 1290 eadem
1431 1250 1502 1311 per·

544 1328 645 1389 venire
666 1329 817 1389 sineretur.
869 1326 1031 1388 Enimuero
1052 1344 1199 1407 nusquam
1220 1325 1381 1387 illustriora
1405 1326 1504 1408 dom·

544 1432 643 1485 menta
655 1425 830 1495 extiterunt,
843 1442 933 1504 quem
945 1422 1018 1483 nibil
1031 1423 1114 1483 sitin
1126 1422 1235 1503 opibus
1248 1432 1339 1503 atque
1351 1423 1501 1503 potentie,

543 1520 675 1601 bellique
689 1521 811 1591 virtute,
823 1520 906 1591 boni,
920 1520 947 1579 si
958 1518 1085 1579 scientie
1095 1517 1175 1579 derit
1186 1518 1301 1581 utendi.
1341 1518 1503 1587 Quemad-

543 1616 663 1677 modum
686 1618 766 1677 euim
789 1614 919 1683 Herculi
938 1613 1047 1675 furenti
1065 1614 1153 1693 louge
1173 1613 1277 1676 luiaset
1297 1616 1391 1677 satine
1410 1617 1503 1677 armis

543 1714 740 1795 membrisque
757 1714 802 1775 uti
815 1732 873 1776 non
886 1712 1027 1793 monne,
1041 1731 1131 1792 quam
1151 1711 1275 1772 librasse
1293 1732 1415 1791 preren
1434 1711 1502 1773 cla-

542 1830 623 1881 vam,
647 1818 678 1871 et
701 1808 840 1872 volucres
862 1810 992 1870 emisisse
1019 1808 1153 1887 sagittas,
1178 1809 1286 1889 quibus
1307 1810 1502 1891 semetipum

541 1907 700 1967 ccrirsimis
720 1905 891 1988 pignoribus
907 1903 1067 1986 spoliaret;
1090 1906 1134 1965 ita
1150 1906 1267 1966 civitati
1288 1914 1413 1986 prestat
1431 1907 1502 1967 exi-

542 2022 617 2082 guas
628 2003 738 2065 bebere
750 2004 839 2074 vires,
851 2020 943 2085 quam
955 2000 1153 2085 praegrandes.
1165 2002 1277 2084 quibus
1288 2003 1319 2063 iu
1331 2022 1418 2063 suum
1432 2005 1500 2065 exi·

522 2172 524 2177 ,
541 2102 617 2163 tium
631 2101 778 2161 abutatur.
822 2100 891 2179 Ego
910 2108 1003 2172 carte,
1018 2100 1046 2160 si
1063 2099 1152 2160 detur
1168 2100 1263 2181 optio,
1282 2102 1350 2181 ejus
1368 2102 1506 2163 civitatis

541 2200 618 2259 ciris
629 2218 693 2259 esse
706 2198 826 2259 minime
837 2197 959 2270 vellem,
973 2216 1041 2279 que
1057 2198 1194 2277 genubus
1204 2198 1341 2258 omuibus
1353 2199 1501 2280 imperare

541 2294 705 2365 diceretur
727 2304 861 2355 cetarum
884 2314 937 2375 per
957 2294 1114 2355 intestinos
1133 2293 1280 2354 tumultus
1301 2297 1413 2357 nemini
1430 2317 1502 2358 suo-

541 2412 605 2453 rum
620 2392 746 2453 salutem
759 2402 850 2472 atque
867 2391 1041 2471 dignitatem
1054 2399 1151 2452 tutam
1169 2400 1310 2473 prestere
1327 2391 1376 2453 vel
1397 2394 1428 2453 iu
1446 2395 1502 2457 lto-

389 2498 527 2550 AriuAEih.
540 2510 603 2556 tam
617 2499 727 2571 posset.
756 2488 854 2571 Igitur
865 2488 1032 2551 concordie
1043 2488 1222 2551 studendum
1235 2488 1344 2561 iuerat,
1358 2510 1427 2571 qne
1440 2512 1502 2554 uon

540 2588 597 2652 uisi
611 2588 732 2670 justitia
744 2598 775 2650 et
787 2588 872 2650 bouis
884 2588 1014 2650 moribus
1025 2588 1204 2650 continebit.

579 2693 631 2750 40.
652 2685 701 2750 At
712 2707 766 2768 pro
778 2687 824 2747 bis
835 2685 955 2766 quidem
975 2687 1085 2768 ubique
1105 2705 1183 2747 nuuc
1200 2685 1339 2768 pertidia.
1353 2690 1498 2768 perjuria

538 2781 651 2855 cordes,
675 2783 808 2855 ambitio,
831 2782 923 2844 luxus
945 2782 1089 2843 invaluit:
1121 2783 1231 2863 quibus
1252 2784 1340 2845 rebus
1365 2785 1502 2846 bomine·

536 2881 611 2945 nibil
625 2879 706 2942 aliud
718 2900 809 2961 quam
820 2879 929 2941 ledere
941 2889 974 2942 et
986 2878 1056 2940 lardi
1067 2879 1222 2941 docentur.
1243 2880 1326 2959 Ergo
1338 2881 1386 2942 bis
1395 2885 1498 2964 proxi·

538 2979 595 3040 mis
607 2977 701 3050 annis,
711 2977 828 3038 nullum
840 2976 932 3038 ferme
942 2986 1008 3038 toto
1018 2977 1091 3037 orbe
1102 2985 1246 3037 terrarum
1257 2977 1417 3059 imperium
1429 2979 1498 3055 tuit,

538 3075 620 3156 qued
633 3095 692 3138 uon
704 3074 871 3134 aerummis
882 3075 1009 3135 motibus
1020 3082 1233 3135 concuteretur.
1272 3074 1320 3135 Et
1333 3076 1424 3137 eicuti
1437 3078 1498 3137 sin·

539 3171 616 3252 gulis
628 3172 793 3233 bominibus
805 3171 905 3232 lucilia
917 3173 948 3232 in
960 3172 1080 3232 morbos
1096 3191 1135 3232 ex
1155 3172 1236 3233 bono
1247 3175 1379 3253 corporis
1391 3174 1499 3234 babitu

539 3270 672 3330 tramsitm
691 3279 747 3341 est,
766 3289 805 3330 ex
824 3269 904 3330 male
924 3268 1098 3330 valetudiue
1117 3272 1148 3330 in
1166 3269 1399 3332 commodiorem
1418 3292 1502 3352 aegre

538 3365 719 3428 eluctemur:
740 3369 794 3440 ita,
818 3367 891 3448 quid
914 3366 953 3428 de
976 3367 1108 3429 moribus
1127 3367 1217 3447 hujus
1237 3369 1294 3428 aeri
1316 3370 1497 3450 sperandum

540 3463 688 3536 videatur,
701 3465 771 3528 nolo
784 3465 919 3526 ominari.
962 3463 1053 3526 Certe
1070 3485 1176 3546 perum
1193 3467 1289 3536 abest,
1304 3467 1377 3546 quin
1390 3469 1496 3548 optimi

538 3563 648 3643 quique
669 3563 934 3644 sapientissimique
953 3563 1193 3644 desperaveriut3
1215 3563 1338 3645 quondo
1351 3566 1422 3644 jam
1441 3565 1494 3625 aoli

538 3658 691 3740 deponunt
707 3661 854 3742 imperia,⁸
869 3664 923 3741 qui
941 3660 997 3722 soli
1016 3659 1151 3732 fortasse,
1169 3661 1277 3721 sibico
1296 3662 1494 3731 emendabilia

538 3757 818 3838 rerumpublicarum
831 3757 905 3820 vitia
916 3757 1024 3830 forent,
1036 3759 1195 3819 emendare
1208 3759 1383 3840 potuissent.

788 3929 804 3974 4
822 3925 992 3986 Βςὶίισωίν
1002 3925 1064 3977 edil.
1076 3933 1139 3977 anto
1151 3926 1231 3978 Crer.

922 4052 1106 4074 mmo

570 4132 752 4195 reametur·
761 4135 993 4196 attenuatius·
1028 4136 1092 4186 tine
1103 4133 1250 4186 Sociorum
1271 4136 1371 4202 regium
1390 4138 1488 4190 abdica·

537 4199 614 4263 peris]
636 4199 757 4249 intuetur
767 4201 809 4249 bic
822 4199 995 4250 Freinshemi·
1029 4203 1135 4252 tionem·
1154 4202 1225 4252 Creu.

539 4271 612 4329 us,et
620 4279 670 4315 uon
678 4265 801 4316 incallide
813 4264 996 4317 hudrtcbrir·
