3300 5225
454 622 558 672 nrnnr
585 623 636 671 or.
658 621 983 674 surrnnrrnnrun.
1177 606 1265 674 roll

150 761 231 826 filies
244 766 389 844 (habebnt
399 767 477 827 enim
491 765 601 827 multos
612 785 652 826 ex
663 764 788 826 diversis
801 764 986 845 mulieribus)
1000 773 1103 846 poten·

150 863 272 922 tissimis
283 883 384 925 eornm
397 861 563 943 despondit.

192 965 243 1020 42.
266 959 347 1021 Haeo
358 981 426 1022 onm
438 958 520 1020 filins
533 958 719 1020 Mithridatis
739 957 909 1031 Machares,
930 960 983 1038 qni
996 967 1060 1020 tnrn
1073 959 1105 1020 in

152 1053 289 1137 Bosporo
300 1057 455 1136 regnabat,
468 1056 665 1135 cognovisset,
683 1063 744 1114 tnrn
758 1055 841 1115 brevi
854 1063 985 1136 tempore
996 1064 1044 1116 tot
1060 1056 1104 1116 in·

149 1153 281 1214 domitos
293 1161 405 1232 gentes,
419 1161 450 1213 et
462 1151 614 1213 eelebretn
624 1151 804 1212 sermonibus
823 1150 957 1231 Scythis
974 1152 1106 1213 elaustro

151 1259 303 1333 perrupto,
317 1270 429 1330 suoque
437 1251 503 1329 jam
517 1267 606 1328 regno
620 1249 786 1328 proximum
799 1257 913 1328 panem
926 1268 1006 1318 esse3
1025 1250 1106 1310 misit

151 1347 193 1408 ed
219 1367 286 1408 eum
309 1347 433 1426 legatos,
455 1344 696 1406 ‘necessitatem'
717 1363 874 1415 excusans,
899 1353 987 1424 ‘qnae
1004 1347 1105 1406 omnio

151 1443 214 1506 elie
234 1445 402 1525 cupientem
424 1441 579 1504 Romanas
600 1441 684 1521 sequi
710 1449 809 1550 partes
832 1440 1014 1520 adegisset?
1041 1443 1104 1524 ipso
1132 1471 1192 1536 Dio

151 1542 246 1622 petris
257 1548 461 1622 conspectum,
474 1537 732 1620 implacabilem'
705 1537 854 1617 ejusirnm
862 1539 968 1610 sciens,
977 1540 1103 1602 nitebat.
1116 1554 1214 1589 ¹¹¹¹¹¹

152 1639 285 1719 Quoque
297 1637 389 1698 tutior
402 1637 440 1698 eb
453 1635 533 1696 illins
545 1635 617 1696 odio
629 1633 717 1706 soret,
730 1633 879 1717 plerisque
897 1639 1103 1712 conerematis,
1117 1602 1226 1671 Appia.

151 1743 187 1796 nt
199 1735 340 1816 sequendi
358 1733 533 1796 facultatem
556 1733 710 1805 adimeret,
726 1753 794 1793 eum
813 1734 920 1794 ceteris
935 1734 1082 1796 novibus
1073 1757 1105 1796 ιιι

152 1831 369 1900 Chersonesum
381 1832 550 1904 ,conoessitae
588 1828 638 1890 At
662 1829 863 1902 Mithridates,
884 1829 952 1890 eliis
971 1833 1104 1913 repertis,
1157 1901 1164 1913 ,

150 1933 233 1992 misit
251 1941 358 2004 certos,
378 1930 442 2011 qui,
462 1929 605 2012 promisse
622 1926 795 2009 impunitate
814 1929 1013 2009 praemiisque,
1032 1929 1103 1990 Me·
1115 1967 1173 2020 Q

150 2029 250 2088 eberis
272 2029 381 2102 amieos
403 2027 443 2087 sd
462 2023 627 2087 tollendum
648 2025 751 2085 herum
776 2025 944 2084 incitarent.
986 2024 1105 2092 Quibus
1115 2033 1223 2100 Appia.

151 2124 205 2184 iile
218 2126 305 2186 rebus
316 2125 453 2205 cognitis,
466 2122 679 2204 desperatoque
692 2121 799 2192 solute,
816 2122 873 2181 sibi
886 2122 948 2202 ipse
961 2125 1106 2186 conscivit

150 2243 264 2284 necem.
307 2221 497 2282 Mithridates
515 2219 675 2282 emioornm
695 2221 760 2299 ejus
779 2239 854 2298 quos
869 2219 932 2299 ipse
948 2218 1106 2283 eddiderat

150 2319 227 2392 filio,
249 2330 392 2399 tanquam
416 2317 579 2398 proditores
599 2315 702 2376 effecit
720 2314 891 2396 suppliciis:
904 2336 981 2396 qnos
1002 2327 1106 2398 posteo

152 2417 315 2479 Mocheres
326 2416 382 2476 sibi
395 2423 562 2497 paraverat,
576 2413 611 2473 iis
629 2413 772 2494 pepercit,
786 2411 859 2471 nihil
871 2421 975 2472 contro
987 2434 1018 2474 se
1028 2415 1104 2477 deli·

150 2517 250 2598 qnisse
259 2515 372 2586 dioens,
385 2513 434 2574 oni
446 2512 531 2574 nullo
543 2511 677 2573 obstricti
689 2507 835 2572 beneficio
847 2509 981 2572 fuissent.
