3300 5225
398 512 504 564 utun
528 511 675 562 LXXIX·
697 508 1025 562 sutrnuuuuuusr.

137 647 189 718 'sit
199 657 323 728 uuum,
336 657 614 719 munsooessisss
626 656 732 716 animis
743 656 889 718 videatur.
933 655 1013 724 (Μ
1023 661 1104 736 post·

150 775 241 837 quarn
263 754 364 816 onnia
387 755 621 834 recogitaveritis
639 775 708 816 cunr
729 754 829 816 anim
854 765 963 826 vestro,
985 773 1043 814 non
1067 750 1106 812 ad

150 852 265 914 bellum
275 853 370 932 magis
379 853 497 913 invitari
510 873 575 925 vos,
588 872 679 934 quarn
692 852 732 912 ad
746 853 902 914 victoriam
914 851 1087 936 reperietis!

192 956 245 1011 21.
267 948 341 1010 Nou
355 959 421 1010 erat
431 949 554 1012 difficile
566 953 714 1035 concitare
724 971 885 1034 propensos
898 951 937 1011 ad
948 969 1041 1022 armo,
1052 969 1108 1010 neo

151 1046 235 1108 aliud
262 1067 441 1130 magnopere
467 1047 508 1110 ad
533 1047 749 1122 rebellandum,
766 1057 964 1131 preterquam
988 1047 1107 1118 ducem,

152 1147 347 1226 requirentes.
388 1146 453 1214 Qui
467 1147 566 1208 Latini
578 1148 704 1208 nominis
715 1157 810 1220 erant,
832 1147 924 1208 ‘nibil
938 1146 1107 1208 seomutio-

152 1263 199 1303 res
225 1245 452 1324 auctioresqne'
481 1243 649 1306 fremebant
677 1246 755 1307 ‘bac
778 1265 856 1306 nova
881 1245 947 1326 lege
969 1243 1108 1306 civitatis.

153 1339 323 1400 Honestius
339 1343 469 1422 majores
485 1363 554 1403 mos
570 1343 601 1402 iu
620 1361 680 1403 uua
694 1351 795 1403 tannen
811 1351 942 1403 veterum
960 1341 1109 1403 tribuum·

151 1436 293 1516 nffmgn
305 1437 419 1511 trrlisse,
430 1428 649 1521 quamcumque
661 1458 725 1500 sors
738 1459 858 1520 quoquo
871 1449 1002 1520 tempore
1011 1435 1111 1498 dedis·

152 1542 210 1594 set.
250 1531 322 1594 ‚lam
347 1536 479 1616 separari
504 1535 599 1596 tribua
622 1536 770 1616 antiquas,
797 1545 941 1617 tanquam
962 1533 1110 1598 consortio

154 1629 327 1692 latinorum
345 1631 568 1712 polluerentur:
590 1653 685 1695 novas
695 1641 732 1694 et
740 1633 829 1715 plane
841 1632 1111 1715 supernumerarius

153 1725 231 1798 fieri,
241 1727 350 1807 quibus
361 1729 482 1810 ascripti
495 1729 674 1790 haberentur
684 1729 823 1801 ludibrio,
838 1731 964 1791 nominis
977 1729 1109 1790 Romani

153 1823 324 1905 purtioipes,
331 1826 410 1906 juris
420 1834 564 1888 exsortes.
607 1827 698 1888 Certe
711 1829 860 1909 sapienter
878 1827 951 1889 olim
967 1849 988 1888 a
1005 1827 1110 1888 Servio

154 1941 223 2000 rege
241 1924 419 1984 constitutus
430 1925 589 1997 eenuruus,
602 1935 635 1986 ut
647 1944 738 2005 egens
754 1936 787 1988 et
805 1925 909 1986 infima
928 1924 988 1987 lex
1007 1927 1110 2007 populi

153 2023 284 2102 speciem
301 2022 427 2083 baberet
446 2023 525 2104 oequi
541 2024 632 2102 juris,
645 2026 692 2086 vis
710 2025 805 2084 omnis
825 2045 915 2106 penes
932 2025 1111 2085 honestiores

155 2129 241 2178 esset.
283 2117 400 2180 Verum
413 2120 443 2180 iu
457 2122 616 2201 presentia
629 2141 683 2182 nec
695 2142 817 2184 causam
832 2122 901 2181 huic
914 2124 1041 2196 astutiae,
1056 2143 1111 2184 uec

156 2215 255 2288 locum
266 2237 349 2278 esse:
372 2218 600 2279 inultusbabere
614 2219 734 2280 Latium
744 2219 885 2290 familias,
896 2219 1044 2281 Romanis
1056 2239 1111 2280 nec

151 2335 276 2393 genere,
295 2334 350 2376 nee
367 2333 458 2377 oeusn
474 2316 619 2398 impares:
640 2337 738 2399 neque
758 2317 815 2377 sibi
831 2337 915 2398 posse
931 2316 1033 2377 fucum
1045 2327 1111 2378 tun-

156 2422 220 2472 tusn
232 2412 311 2484 fieri,
329 2423 363 2473 ut
376 2433 483 2475 nomen
498 2434 553 2495 pro
572 2435 615 2484 re,
632 2424 665 2475 et
683 2415 817 2476 umbram
831 2435 885 2496 pro
897 2434 1019 2496 corpore
1033 2415 1112 2476 acci-

157 2510 250 2590 piant.
294 2509 392 2590 Igitur
404 2519 458 2572 aut
474 2531 545 2572 vere
563 2510 677 2572 luturos
695 2512 776 2572 cives
796 2511 925 2581 Renum
947 2522 1000 2572 aut
1014 2513 1039 2572 si
1056 2512 1113 2572 lroe

157 2608 246 2688 potiri
265 2629 324 2669 nou
345 2608 443 2682 detur,
465 2630 577 2671 vanum
597 2612 777 2672 vocabulum
794 2612 974 2692 objecturos.
1016 2609 1114 2671 Aliud

157 2710 288 2787 majores
300 2728 370 2768 suos
381 2708 466 2780 olim,
481 2728 573 2789 seque
584 2710 663 2791 ipsos
675 2708 763 2770 modo
775 2708 925 2781 meruisse,
938 2716 969 2769 ct
981 2706 1115 2789 quotidie

157 2808 275 2880 mereri,
290 2825 380 2886 quam
393 2816 429 2867 ut
439 2826 495 2887 pro
506 2805 654 2867 continuis
667 2806 818 2867 laboribus
838 2826 874 2867 uo
890 2806 1029 2888 periculis
1041 2806 1114 2875 suis,

108 2966 116 2984 ¹
157 2903 416 2964 ludibrio¹baberi
443 2904 483 2965 ab
505 2902 655 2965 Romuuis
677 2902 817 2975 debeant,
841 2902 955 2963 nullam
973 2902 1115 2963 habituris

156 3001 323 3071 civitatem,
336 3000 362 3059 si
375 3000 463 3061 Latio
474 2999 664 3083 conspirandi
674 3020 743 3061 oum
754 3010 856 3061 cetera
870 2998 964 3061 ltalia
979 2999 1116 3061 voluntas

160 3098 310 3158 mainet'

197 3200 250 3254 22.
273 3192 357 3254 Huco
378 3194 502 3269 Latinis,
522 3202 556 3254 et
571 3194 597 3253 si
615 3195 668 3275 qui
680 3193 734 3255 alii
747 3214 801 3274 pro
813 3192 962 3253 Romanis
976 3192 1116 3254 edversus

158 3292 420 3364 soeiossteteraut,
432 3291 620 3353 dicebantur.
662 3290 709 3353 At
726 3290 806 3373 apud
820 3291 896 3352 elios
913 3292 1048 3372 populos,
1063 3292 1115 3371 qui

159 3390 264 3470 positis
281 3390 370 3449 umis
387 3390 499 3471 recepti
516 3390 546 3448 in
559 3390 712 3451 civitatem
724 3389 852 3460 fuerant,
866 3389 934 3470 plus
946 3388 1045 3449 udlruc
1057 3390 1115 3449 iru-

159 3508 223 3549 rum
235 3497 311 3547 erat.
353 3488 501 3568 Acceptis
509 3506 600 3568 nuper
610 3487 748 3548 cladibus
756 3486 888 3547 noudum
901 3486 1116 3548 adcicutricem

160 3594 338 3666 pervenerat
348 3584 466 3657 vulnus,
479 3594 511 3646 et
522 3604 608 3645 novae
621 3586 738 3665 injuriae
749 3604 837 3645 seusu
847 3584 1006 3647 violentius
1018 3603 1116 3644 recru-

159 3682 312 3743 descebat.
354 3682 515 3763 Pracipue
531 3702 655 3763 quorum
668 3692 817 3762 postremo
829 3682 958 3742 tumultu
972 3680 1118 3741 interlecti

159 3778 267 3839 iratres
278 3778 403 3839 liberive
417 3781 457 3839 ab
470 3778 647 3839 Octauianis
659 3777 786 3849 fuerant,
800 3777 940 3839 vindictae
952 3778 1117 3859 cupiditate

160 3874 339 3955 linguebant.
383 3874 445 3935 Sed
462 3885 494 3936 et
509 3875 625 3947 exules,
641 3894 767 3957 quorum
780 3874 936 3957 plerosque
949 3894 1008 3935 nou
1027 3873 1118 3933 aliam

193 4117 206 4143 ⁸
223 4106 623 4169 Horatiuncjomsuosirrssa
658 4108 783 4159 viduet.
795 4108 827 4158 sd
841 4109 896 4159 Lis.
907 4112 1010 4158 xxm.
1038 4108 1117 4157 Cete-

161 4178 320 4223 ...mm
332 4173 447 4238 murs]
465 4175 558 4224 Utrum
574 4176 623 4224 uu·
659 4189 715 4223 rum
728 4175 821 4224 ltaeoet
834 4180 1048 4239 qriaesequuutur
1063 4189 1116 4221 onr-

162 4240 210 4289 tini
223 4240 334 4287 tulerint
350 4237 503 4303 suffragium
522 4240 549 4288 in
570 4240 623 4289 Ro·
659 4241 703 4289 nis
713 4239 746 4288 ud
756 4244 826 4290 ott.
837 4254 918 4305 usqne
927 4239 1117 4290 Freinshemius

161 4318 298 4354 manorum
308 4304 430 4365 seruitiis,
439 4316 577 4368 antequam
588 4305 623 4356 cl·
659 4320 732 4355 eruo
745 4305 864 4370 protulit.
881 4308 953 4355 cm.

161 4368 326 4434 satiarent,
340 4368 415 4420 sslde
430 4370 560 4421 incertum
571 4378 624 4421 est.

1177 489 1265 558 ton
