3300 5225
884 613 919 663 'i'-
943 612 1046 663 bivii

563 764 763 845 desperemus,
787 760 842 820 nisi
869 759 991 821 ulterius
1013 759 1124 819 virtute
1151 748 1407 837 utque'opiuiose
1431 753 1518 835 adju-

562 862 689 921 remur?

603 964 653 1023 ³7.
674 956 746 1019 ‘Sic
759 978 890 1039 quoque,
903 955 986 1017 bsiio
994 952 1207 1037 propemodum
1219 948 1391 1033 prodiguto,
1401 949 1518 1032 puucis·

561 1076 620 1137 que
633 1055 672 1117 sd
686 1072 831 1117 nummum
842 1054 975 1115 victorie
987 1050 1121 1132 reliquis,
1131 1049 1236 1109 borum
1247 1048 1380 1108 omnium
1391 1044 1517 1125 glorium

559 1154 773 1233 arbitriumque
789 1149 907 1212 Murius
926 1151 1033 1233 rapiet,
1052 1147 1225 1209 emulorum
1238 1146 1409 1227 impetieus,
1422 1142 1517 1224 (quod

494 1268 498 1279 ·
563 1252 677 1322 vitium,
698 1268 766 1311 cum
788 1246 850 1309 olis
865 1250 1035 1309 minuentur
1055 1247 1152 1317 suuis,
1171 1246 1201 1305 iu
1218 1250 1371 1305 senectute
1387 1240 1425 1301 iit
1440 1240 1517 1303 vuli·

558 1346 652 1427 dius,)
674 1356 717 1419 et,
732 1346 784 1408 ubi
801 1347 842 1408 de
854 1346 989 1429 poteritis
1006 1345 1115 1425 sgitur,
1136 1342 1207 1403 tidei
1224 1340 1306 1402 bsud
1324 1358 1396 1401 ssue
1414 1346 1517 1399 tenu.

558 1444 693 1514 Qusutis
703 1444 755 1506 ille
768 1444 984 1527 suspicionibus
1000 1464 1095 1525 nuper
1114 1440 1170 1502 P.¹
1195 1438 1347 1501 Rutilium
1363 1434 1518 1497 consulem

560 1542 678 1623 togatus
690 1542 819 1613 torserit,
838 1560 941 1603 omues
952 1541 1081 1601 scimus:
1102 1546 1134 1598 et
1145 1537 1293 1619 quumvis,
1306 1553 1368 1617 qus
1379 1542 1427 1595 est
1438 1540 1517 1593 sstu-

559 1638 614 1712 tis,
637 1641 710 1701 mire
726 1639 924 1700 innocentium
943 1636 1108 1710 simuisret,
1126 1634 1246 1696 minime
1263 1632 1410 1715 potuissit
1429 1648 1516 1711 reps-

558 1736 692 1797 tuutibus
706 1735 805 1817 quelis
823 1736 853 1795 iu
867 1735 911 1803 Q.
930 1733 1090 1796 Metellum
1101 1733 1214 1794 tui-st.
1255 1729 1369 1811 Neque
1379 1728 1461 1789 euim
1471 1734 1518 1787 est

558 1832 791 1915 expectendum,
812 1842 847 1893 ut
866 1834 919 1913 qui
933 1832 1038 1913 junior
1053 1852 1166 1903 oeuem,
1179 1830 1334 1912 pretorius
1351 1823 1516 1897 conia,
1614 1891 1618 1897 .

560 1930 676 2010 iegutus
688 1930 893 2010 imperatorem
906 1948 964 1990 uos
977 1937 1024 1989 est
1037 1928 1191 1997 reveritus,
1209 1928 1236 1987 is
1253 1926 1395 2005 cuiquem
1409 1924 1517 2003 juveni

559 2044 652 2087 senex
665 2035 696 2087 et
708 2027 806 2087 sexies
817 2026 921 2087 consul
933 2025 1088 2087 concedet

601 2130 651 2186 38.
675 2124 765 2185 ‘Hoc
779 2126 899 2203 iugenio
910 2126 1006 2185 virum
1019 2122 1100 2205 opud
1111 2122 1211 2182 bostes
1219 2132 1344 2192 uestros,
1357 2138 1450 2200 quum
1462 2116 1515 2179 uo-

560 2222 684 2293 bbcum,
699 2242 763 2282 esse
781 2220 869 2301 louge
886 2220 1007 2281 malim:
1028 2221 1105 2281 odeo
1121 2219 1194 2279 uibii
1216 2238 1337 2279 moveor
1352 2217 1434 2279 cur'n
1453 2230 1515 2279 me*

559 2319 715 2388 tuentium,
731 2339 767 2380 ue
783 2318 823 2379 ud
841 2329 940 2399 portes
956 2318 1168 2400 optimatium²
1187 2325 1328 2377 transeut.
1367 2314 1517 2376 Troum

559 2434 642 2487 vero,
655 2426 686 2476 et
699 2418 739 2477 ibi
755 2417 853 2498 potius
864 2415 987 2478 comilis
999 2417 1116 2486 turbet:
1139 2413 1343 2475 remuistioues
1352 2423 1513 2484 exercerc

558 2522 721 2575 ceterorum
747 2524 874 2576 constris
893 2515 1053 2575 umbitime
1073 2522 1105 2575 et
1121 2512 1271 2575 discordis
1287 2520 1425 2573 moretum.
1468 2512 1517 2571 At

558 2631 629 2674 vero
642 2631 779 2692 maguum
799 2613 885 2674 uobis
895 2612 1064 2694 presidium
1075 2610 1273 2683 dombemus,
1286 2609 1426 2691 idemque
1437 2608 1515 2691 adji-

557 2709 669 2770 ciemus
688 2709 875 2773 adversariis.
918 2710 985 2790 Ego
997 2731 1068 2772 vero
1079 2730 1139 2772 nou
1151 2709 1253 2781 rideo,
1266 2709 1341 2790 quid
1358 2709 1407 2768 bis
1426 2709 1516 2768 rebus

559 2805 664 2869 stierre
677 2810 817 2872 momenti
830 2819 944 2890 quesut
951 2808 1121 2891 decrepitus
1132 2811 1302 2891 imperator,
1315 2817 1347 2868 et
1355 2807 1516 2888 piscstoris

557 2905 689 2984 navigio,
715 2914 747 2966 et
772 2905 941 2987 manipulus
960 2916 1111 2988 postorum
1130 2925 1200 2968 cum
1225 2905 1390 2986 agrestibus
1414 2905 1515 2964 ormi.

559 2999 619 3062 lile
636 3023 708 3064 seue
726 3001 851 3064 classem
869 3011 901 3063 et
919 3003 1085 3063 exercitum
1100 3011 1208 3064 vocet:
1229 3020 1285 3063 uos
1299 3000 1463 3062 ooiiectsm
1474 3017 1515 3060 eu

558 3100 637 3177 egris
649 3107 681 3160 ct
693 3098 848 3179 ergastutis
866 3097 1086 3160 multitudinem
1105 3119 1171 3160 esse
1190 3099 1405 3180 comperimus:
1427 3101 1516 3178 cuju

557 3195 671 3272 generis
688 3214 770 3257 orme
789 3196 952 3256 consociari
970 3197 1086 3267 uostris,
1106 3197 1132 3256 si
1145 3215 1200 3256 uos
1211 3197 1274 3277 peti
1287 3196 1444 3276 possimus,
1457 3196 1515 3254 mi·

558 3287 626 3351 iites
638 3311 695 3352 uou
708 3291 814 3363 iereut,
828 3300 976 3373 quotquot
986 3301 1055 3352 suut
1070 3291 1205 3354 Romsui
1221 3292 1348 3353 nominis
1363 3300 1397 3352 et
1413 3311 1514 3352 meru

549 3389 650 3449 ¹suesti
659 3407 811 3450 memores.
855 3386 937 3450 Seue
948 3390 1089 3450 extremis
1100 3391 1281 3472 temporibus
1289 3409 1392 3450 servos
1404 3389 1516 3450 unsri

557 3485 716 3546 usoessitm
737 3483 893 3546 deieudit:
914 3484 980 3558 sed,
1000 3486 1052 3547 ubi
1073 3486 1138 3548 buc
1160 3487 1245 3558 obiit,
1264 3486 1515 3568 honestorumque

557 3579 683 3642 miiitum
695 3590 741 3642 est
752 3581 852 3662 copis,
869 3601 958 3641 ucmo
978 3581 1106 3663 prudeus
1121 3583 1178 3645 boc
1191 3581 1322 3644 dedecus
1333 3582 1414 3642 ultr·
1425 3583 1514 3643 suffl-

557 3681 649 3740 ucbit.
691 3677 843 3740 Hostibus
863 3679 961 3759 potius
976 3678 1053 3740 bunc
1066 3689 1203 3762 optemus
1215 3679 1380 3749 infamium,
1393 3690 1429 3739 ut
1439 3680 1515 3740 ciri·

556 3778 612 3838 bus
623 3777 684 3838 suis
695 3785 828 3858 ereptum
838 3775 880 3834 ire
893 3773 1034 3857 suffugio
1045 3785 1077 3837 et
1088 3777 1182 3838 tribus
1192 3776 1294 3837 servili
1305 3792 1396 3837 mauu
1407 3775 1512 3837 dimu-

556 3882 613 3934 tur.
655 3870 746 3933 Nibii
758 3890 843 3953 teque
854 3871 997 3934 retinebit
1013 3874 1044 3934 iu
1062 3874 1196 3954 pertibus
1207 3893 1259 3934 eos
1271 3874 1323 3954 qui
1331 3875 1400 3953 jum
1411 3875 1511 3934 coire·

555 3979 624 4031 runt
633 3968 672 4030 sd
685 3987 870 4029 communem
882 3987 1025 4039 cuussm3
1047 3979 1079 4030 et
1089 3969 1262 4031 dubitsutes
1273 3969 1450 4051 explicsbit.

596 4073 647 4128 ³9.
668 4065 1077 4146 ‘Getemmegopiustimoq
1092 4066 1511 4129 utrelbicuooedereuostris

555 4163 742 4237 sdversariis,
759 4163 807 4225 rei
825 4163 871 4224 iiii
887 4165 966 4225 buuc
983 4163 1115 4245 recipere
1135 4165 1239 4225 veiint.
1280 4163 1369 4237 Odit,
1381 4164 1509 4246 odioque

793 4410 857 4462 11„
887 4425 918 4462 ro
928 4413 962 4462 P.
1030 4411 1266 4464 bstursutscrsr.

795 4476 966 4541 tortium
1028 4477 1204 4531 autscnr.
