<?xml version="1.0" encoding="UTF-8"?>
<!DOCTYPE html PUBLIC "-//W3C//DTD XHTML 1.0 Transitional//EN"
    "http://www.w3.org/TR/xhtml1/DTD/xhtml1-transitional.dtd">
<html xmlns="http://www.w3.org/1999/xhtml" xml:lang="en" lang="en">
 <head>
  <title>
</title>
<meta http-equiv="Content-Type" content="text/html;charset=utf-8" />
  <meta name='ocr-system' content='tesseract 3.04.00' />
  <meta name='ocr-capabilities' content='ocr_page ocr_carea ocr_par ocr_line ocrx_word'/>
</head>
<body>
  <div class='ocr_page' id='page_1' title='image "./tliviipatavinih01rupegoog_0400.png"; bbox 0 0 3300 5225; ppageno 0'>
   <div class='ocr_carea' id='block_1_1' title="bbox 380 1021 484 1091">
    <p class='ocr_par' dir='ltr' id='par_1_1' title="bbox 380 1021 484 1091">
     <span class='ocr_line' id='line_1_1' title="bbox 380 1021 484 1091; baseline 0.019 -18"><span class='ocrx_word' id='word_1_1' title='bbox 380 1021 484 1091; x_wconf 81' lang='lat' dir='ltr'><strong>Eutrop.</strong></span> 
     </span>
    </p>
   </div>
   <div class='ocr_carea' id='block_1_2' title="bbox 382 1120 450 1172">
    <p class='ocr_par' dir='ltr' id='par_1_2' title="bbox 382 1120 450 1172">
     <span class='ocr_line' id='line_1_2' title="bbox 382 1120 450 1172; baseline 0 -1"><span class='ocrx_word' id='word_1_2' title='bbox 382 1120 450 1172; x_wconf 81' lang='lat' dir='ltr'><strong>Plat.</strong></span> 
     </span>
    </p>
   </div>
   <div class='ocr_carea' id='block_1_3' title="bbox 871 576 1028 629">
    <p class='ocr_par' dir='ltr' id='par_1_3' title="bbox 871 576 1028 629">
     <span class='ocr_line' id='line_1_3' title="bbox 871 576 1028 629; baseline 0.019 -3"><span class='ocrx_word' id='word_1_3' title='bbox 871 578 909 626; x_wconf 63' lang='grc' dir='ltr'><strong>ἲ.</strong></span> <span class='ocrx_word' id='word_1_4' title='bbox 933 576 1028 629; x_wconf 69' lang='lat' dir='ltr'><strong>lerfl</strong></span> 
     </span>
    </p>
   </div>
   <div class='ocr_carea' id='block_1_4' title="bbox 543 716 1501 1183">
    <p class='ocr_par' dir='ltr' id='par_1_4' title="bbox 543 716 1501 1183">
     <span class='ocr_line' id='line_1_4' title="bbox 543 716 1498 802; baseline 0.004 -21"><span class='ocrx_word' id='word_1_5' title='bbox 543 716 751 801; x_wconf 59' lang='lat' dir='ltr'><strong>maeque</strong></span> <span class='ocrx_word' id='word_1_6' title='bbox 771 718 812 783; x_wconf 89' lang='lat' dir='ltr'><strong>ad</strong></span> <span class='ocrx_word' id='word_1_7' title='bbox 829 718 963 783; x_wconf 78' lang='lat' dir='ltr'><strong>Talaura</strong></span> <span class='ocrx_word' id='word_1_8' title='bbox 980 718 1112 799; x_wconf 63' lang='lat' dir='ltr'><strong>(auelli</strong></span> <span class='ocrx_word' id='word_1_9' title='bbox 1131 740 1240 784; x_wconf 69' lang='lat' dir='ltr'><strong>onan</strong></span> <span class='ocrx_word' id='word_1_10' title='bbox 1256 725 1317 802; x_wconf 55' lang='lat' dir='ltr'><strong>aa)</strong></span> <span class='ocrx_word' id='word_1_11' title='bbox 1335 722 1498 795; x_wconf 75' lang='lat' dir='ltr'><strong>inaecntnr,</strong></span> 
     </span>
     <span class='ocr_line' id='line_1_5' title="bbox 545 818 1501 901; baseline 0.002 -23"><span class='ocrx_word' id='word_1_12' title='bbox 545 818 597 879; x_wconf 89' lang='lat' dir='ltr'><strong>ubi</strong></span> <span class='ocrx_word' id='word_1_13' title='bbox 607 818 768 898; x_wconf 83' lang='lat' dir='ltr'><strong>quatriduo</strong></span> <span class='ocrx_word' id='word_1_14' title='bbox 789 828 860 879; x_wconf 85' lang='lat' dir='ltr'><strong>aute</strong></span> <span class='ocrx_word' id='word_1_15' title='bbox 880 818 965 881; x_wconf 70' lang='lat' dir='ltr'><strong>ittu-</strong></span> <span class='ocrx_word' id='word_1_16' title='bbox 983 820 1014 881; x_wconf 75' lang='grc' dir='ltr'><strong>ιι</strong></span> <span class='ocrx_word' id='word_1_17' title='bbox 1035 839 1159 899; x_wconf 79' lang='lat' dir='ltr'><strong>regnum</strong></span> <span class='ocrx_word' id='word_1_18' title='bbox 1180 818 1318 899; x_wconf 75' lang='lat' dir='ltr'><strong>Tigrania</strong></span> <span class='ocrx_word' id='word_1_19' title='bbox 1336 818 1501 901; x_wconf 59' lang='lat' dir='ltr'><strong>perfugia</strong></span> 
     </span>
     <span class='ocr_line' id='line_1_6' title="bbox 545 911 1500 998; baseline 0.002 -21"><span class='ocrx_word' id='word_1_20' title='bbox 545 915 706 987; x_wconf 84' lang='lat' dir='ltr'><strong>intellexit,</strong></span> <span class='ocrx_word' id='word_1_21' title='bbox 721 911 886 988; x_wconf 63' lang='lat' dir='ltr'><strong>chaldea,</strong></span> <span class='ocrx_word' id='word_1_22' title='bbox 902 918 957 997; x_wconf 84' lang='lat' dir='ltr'><strong>qui</strong></span> <span class='ocrx_word' id='word_1_23' title='bbox 975 926 1008 977; x_wconf 87' lang='lat' dir='ltr'><strong>et</strong></span> <span class='ocrx_word' id='word_1_24' title='bbox 1026 916 1181 998; x_wconf 72' lang='lat' dir='ltr'><strong>Chalybas</strong></span> <span class='ocrx_word' id='word_1_25' title='bbox 1198 926 1356 989; x_wconf 79' lang='lat' dir='ltr'><strong>vocantur,</strong></span> <span class='ocrx_word' id='word_1_26' title='bbox 1372 917 1500 979; x_wconf 74' lang='lat' dir='ltr'><strong>Titne·</strong></span> 
     </span>
     <span class='ocr_line' id='line_1_7' title="bbox 545 1013 1500 1095; baseline 0 -20"><span class='ocrx_word' id='word_1_27' title='bbox 545 1014 649 1093; x_wconf 85' lang='lat' dir='ltr'><strong>uirque</strong></span> <span class='ocrx_word' id='word_1_28' title='bbox 673 1013 816 1085; x_wconf 78' lang='lat' dir='ltr'><strong>subactia,</strong></span> <span class='ocrx_word' id='word_1_29' title='bbox 844 1022 1024 1095; x_wconf 86' lang='lat' dir='ltr'><strong>receptaque</strong></span> <span class='ocrx_word' id='word_1_30' title='bbox 1048 1014 1161 1078; x_wconf 76' lang='lat' dir='ltr'><strong>minore</strong></span> <span class='ocrx_word' id='word_1_31' title='bbox 1186 1014 1346 1086; x_wconf 81' lang='lat' dir='ltr'><strong>Ameria,</strong></span> <span class='ocrx_word' id='word_1_32' title='bbox 1371 1033 1443 1095; x_wconf 68' lang='lat' dir='ltr'><strong>qut</strong></span> <span class='ocrx_word' id='word_1_33' title='bbox 1468 1015 1500 1075; x_wconf 84' lang='lat' dir='ltr'><strong>in</strong></span> 
     </span>
     <span class='ocr_line' id='line_1_8' title="bbox 543 1108 1500 1183; baseline 0.002 -12"><span class='ocrx_word' id='word_1_34' title='bbox 543 1109 657 1172; x_wconf 79' lang='lat' dir='ltr'>ditione</span> <span class='ocrx_word' id='word_1_35' title='bbox 671 1109 857 1172; x_wconf 76' lang='lat' dir='ltr'><strong>Mithridatia</strong></span> <span class='ocrx_word' id='word_1_36' title='bbox 869 1110 978 1183; x_wconf 81' lang='lat' dir='ltr'><strong>iuerat,</strong></span> <span class='ocrx_word' id='word_1_37' title='bbox 990 1108 1032 1172; x_wconf 90' lang='lat' dir='ltr'><strong>ad</strong></span> <span class='ocrx_word' id='word_1_38' title='bbox 1045 1110 1229 1173; x_wconf 85' lang='lat' dir='ltr'><strong>ohaidionem</strong></span> <span class='ocrx_word' id='word_1_39' title='bbox 1247 1110 1348 1173; x_wconf 69' lang='lat' dir='ltr'><strong>Anat</strong></span> <span class='ocrx_word' id='word_1_40' title='bbox 1366 1131 1500 1173; x_wconf 72' lang='lat' dir='ltr'><strong>rerem</strong></span> 
     </span>
    </p>
   </div>
   <div class='ocr_carea' id='block_1_5' title="bbox 409 1207 1499 1291">
    <p class='ocr_par' dir='ltr' id='par_1_5' title="bbox 409 1207 1499 1291">
     <span class='ocr_line' id='line_1_9' title="bbox 409 1207 1499 1291; baseline 0.002 -20"><span class='ocrx_word' id='word_1_41' title='bbox 409 1263 412 1271; x_wconf 83' lang='lat'>.</span> <span class='ocrx_word' id='word_1_42' title='bbox 544 1216 600 1269; x_wconf 81' lang='lat' dir='ltr'><strong>art.</strong></span> <span class='ocrx_word' id='word_1_43' title='bbox 641 1207 795 1269; x_wconf 80' lang='lat' dir='ltr'><strong>Amiaenir</strong></span> <span class='ocrx_word' id='word_1_44' title='bbox 823 1208 1010 1271; x_wconf 84' lang='lat' dir='ltr'><strong>conditionea</strong></span> <span class='ocrx_word' id='word_1_45' title='bbox 1037 1211 1256 1291; x_wconf 71' lang='lat' dir='ltr'>respuentibus,</span> <span class='ocrx_word' id='word_1_46' title='bbox 1289 1208 1499 1273; x_wconf 71' lang='lat' dir='ltr'><strong>Gallinam-r</strong></span> 
     </span>
    </p>
   </div>
   <div class='ocr_carea' id='block_1_6' title="bbox 544 1305 1503 1387">
    <p class='ocr_par' dir='ltr' id='par_1_6' title="bbox 544 1305 1503 1387">
     <span class='ocr_line' id='line_1_10' title="bbox 544 1305 1503 1387; baseline 0.002 -22"><span class='ocrx_word' id='word_1_47' title='bbox 544 1306 624 1366; x_wconf 88' lang='lat' dir='ltr'><strong>enim</strong></span> <span class='ocrx_word' id='word_1_48' title='bbox 637 1314 774 1387; x_wconf 66' lang='lat' dir='ltr'><strong>praerat,</strong></span> <span class='ocrx_word' id='word_1_49' title='bbox 788 1305 991 1366; x_wconf 80' lang='lat' dir='ltr'><strong>machinarum</strong></span> <span class='ocrx_word' id='word_1_50' title='bbox 1013 1307 1104 1367; x_wconf 82' lang='lat' dir='ltr'><strong>mirra</strong></span> <span class='ocrx_word' id='word_1_51' title='bbox 1123 1305 1246 1377; x_wconf 84' lang='lat' dir='ltr'><strong>artiiex,</strong></span> <span class='ocrx_word' id='word_1_52' title='bbox 1264 1305 1449 1387; x_wconf 78' lang='lat' dir='ltr'><strong>consilioque</strong></span> <span class='ocrx_word' id='word_1_53' title='bbox 1468 1316 1503 1367; x_wconf 88' lang='lat' dir='ltr'><strong>et</strong></span> 
     </span>
    </p>
   </div>
   <div class='ocr_carea' id='block_1_7' title="bbox 381 1402 1501 1485">
    <p class='ocr_par' dir='ltr' id='par_1_7' title="bbox 381 1402 1501 1485">
     <span class='ocr_line' id='line_1_11' title="bbox 381 1402 1501 1485; baseline -0.002 -18"><span class='ocrx_word' id='word_1_54' title='bbox 381 1402 509 1455; x_wconf 63' lang='lat' dir='ltr'><strong>flmm-</strong></span> <span class='ocrx_word' id='word_1_55' title='bbox 544 1402 673 1467; x_wconf 76' lang='lat' dir='ltr'><strong>audacia</strong></span> <span class='ocrx_word' id='word_1_56' title='bbox 684 1412 826 1483; x_wconf 71' lang='lat' dir='ltr'><strong>promtus,</strong></span> <span class='ocrx_word' id='word_1_57' title='bbox 840 1402 881 1464; x_wconf 89' lang='lat' dir='ltr'><strong>ad</strong></span> <span class='ocrx_word' id='word_1_58' title='bbox 894 1404 1089 1485; x_wconf 86' lang='lat' dir='ltr'><strong>Eupatoriam</strong></span> <span class='ocrx_word' id='word_1_59' title='bbox 1101 1425 1134 1465; x_wconf 82' lang='lat' dir='ltr'><strong>rc</strong></span> <span class='ocrx_word' id='word_1_60' title='bbox 1146 1404 1297 1474; x_wconf 70' lang='lat' dir='ltr'><strong>centulitr</strong></span> <span class='ocrx_word' id='word_1_61' title='bbox 1316 1424 1408 1485; x_wconf 86' lang='lat' dir='ltr'><strong>quarn</strong></span> <span class='ocrx_word' id='word_1_62' title='bbox 1418 1403 1501 1465; x_wconf 80' lang='lat' dir='ltr'><strong>lrand</strong></span> 
     </span>
    </p>
   </div>
   <div class='ocr_carea' id='block_1_8' title="bbox 380 1568 483 1683">
    <p class='ocr_par' dir='ltr' id='par_1_8' title="bbox 380 1568 483 1683">
     <span class='ocr_line' id='line_1_12' title="bbox 380 1568 483 1683; baseline 0.069 -67"><span class='ocrx_word' id='word_1_63' title='bbox 380 1568 483 1683; x_wconf 46' lang='grc' dir='ltr'><strong>ξω.</strong></span> 
     </span>
    </p>
   </div>
   <div class='ocr_carea' id='block_1_9' title="bbox 397 1498 1502 1619">
    <p class='ocr_par' dir='ltr' id='par_1_9' title="bbox 397 1498 1502 1619">
     <span class='ocr_line' id='line_1_13' title="bbox 397 1498 1502 1619; baseline -0.005 -52"><span class='ocrx_word' id='word_1_64' title='bbox 397 1500 532 1619; x_wconf 69' lang='lat' dir='ltr'><strong>Appia.</strong></span> <span class='ocrx_word' id='word_1_65' title='bbox 544 1498 650 1581; x_wconf 87' lang='lat' dir='ltr'><strong>procul</strong></span> <span class='ocrx_word' id='word_1_66' title='bbox 658 1499 767 1561; x_wconf 83' lang='lat' dir='ltr'><strong>Arniro</strong></span> <span class='ocrx_word' id='word_1_67' title='bbox 774 1501 886 1580; x_wconf 86' lang='lat' dir='ltr'><strong>regiam</strong></span> <span class='ocrx_word' id='word_1_68' title='bbox 896 1500 1089 1563; x_wconf 79' lang='lat' dir='ltr'><strong>Mithridatea</strong></span> <span class='ocrx_word' id='word_1_69' title='bbox 1099 1509 1257 1573; x_wconf 74' lang='lat' dir='ltr'><strong>struxerat,</strong></span> <span class='ocrx_word' id='word_1_70' title='bbox 1268 1510 1302 1562; x_wconf 89' lang='lat' dir='ltr'><strong>et</strong></span> <span class='ocrx_word' id='word_1_71' title='bbox 1312 1521 1352 1562; x_wconf 91' lang='lat' dir='ltr'><strong>ex</strong></span> <span class='ocrx_word' id='word_1_72' title='bbox 1361 1522 1417 1563; x_wconf 81' lang='lat' dir='ltr'><strong>erro</strong></span> <span class='ocrx_word' id='word_1_73' title='bbox 1428 1522 1502 1582; x_wconf 84' lang='lat' dir='ltr'><strong>cog-</strong></span> 
     </span>
    </p>
   </div>
   <div class='ocr_carea' id='block_1_10' title="bbox 525 1597 1004 1710">
    <p class='ocr_par' dir='ltr' id='par_1_10' title="bbox 525 1597 1004 1710">
     <span class='ocr_line' id='line_1_14' title="bbox 525 1597 1004 1710; baseline 0 -51"><span class='ocrx_word' id='word_1_74' title='bbox 525 1603 684 1659; x_wconf 86' lang='lat' dir='ltr'><strong>&#39;nomcnto</strong></span> <span class='ocrx_word' id='word_1_75' title='bbox 697 1597 834 1661; x_wconf 82' lang='lat' dir='ltr'><strong>voluerat</strong></span> <span class='ocrx_word' id='word_1_76' title='bbox 845 1598 1004 1710; x_wconf 80' lang='lat' dir='ltr'><strong>appellari.</strong></span> 
     </span>
    </p>
   </div>
   <div class='ocr_carea' id='block_1_11' title="bbox 380 1636 1502 1876">
    <p class='ocr_par' dir='ltr' id='par_1_11' title="bbox 380 1636 1502 1876">
     <span class='ocr_line' id='line_1_15' title="bbox 380 1636 1502 1779; baseline -0.004 -20"><span class='ocrx_word' id='word_1_77' title='bbox 380 1636 509 1762; x_wconf 75' lang='lat' dir='ltr'><strong>lienam.</strong></span> <span class='ocrx_word' id='word_1_78' title='bbox 584 1703 636 1759; x_wconf 83' lang='grc'><strong>47.</strong></span> <span class='ocrx_word' id='word_1_79' title='bbox 658 1694 738 1757; x_wconf 75' lang='lat' dir='ltr'><strong>(lum</strong></span> <span class='ocrx_word' id='word_1_80' title='bbox 751 1706 783 1758; x_wconf 89' lang='lat' dir='ltr'><strong>et</strong></span> <span class='ocrx_word' id='word_1_81' title='bbox 802 1698 875 1759; x_wconf 86' lang='lat' dir='ltr'><strong>hic</strong></span> <span class='ocrx_word' id='word_1_82' title='bbox 867 1698 992 1779; x_wconf 75' lang='lat' dir='ltr'><strong>impigre</strong></span> <span class='ocrx_word' id='word_1_83' title='bbox 1006 1698 1200 1769; x_wconf 69' lang='lat' dir='ltr'><strong>redateretur,</strong></span> <span class='ocrx_word' id='word_1_84' title='bbox 1222 1694 1432 1777; x_wconf 83' lang='lat' dir='ltr'><strong>Locullnrper</strong></span> <span class='ocrx_word' id='word_1_85' title='bbox 1445 1693 1502 1755; x_wconf 82' lang='lat' dir='ltr'><strong>ali·</strong></span> 
     </span>
     <span class='ocr_line' id='line_1_16' title="bbox 404 1790 1502 1876; baseline 0 -23"><span class='ocrx_word' id='word_1_86' title='bbox 404 1852 411 1863; x_wconf 74' lang='grc'><strong>,</strong></span> <span class='ocrx_word' id='word_1_87' title='bbox 544 1800 620 1875; x_wconf 90' lang='lat' dir='ltr'><strong>quot</strong></span> <span class='ocrx_word' id='word_1_88' title='bbox 635 1790 700 1853; x_wconf 82' lang='lat' dir='ltr'><strong>dier</strong></span> <span class='ocrx_word' id='word_1_89' title='bbox 718 1792 897 1873; x_wconf 72' lang='lat' dir='ltr'><strong>languidiori</strong></span> <span class='ocrx_word' id='word_1_90' title='bbox 916 1795 1137 1876; x_wconf 85' lang='lat' dir='ltr'><strong>oppugnatione</strong></span> <span class='ocrx_word' id='word_1_91' title='bbox 1154 1814 1236 1866; x_wconf 83' lang='lat' dir='ltr'><strong>uana,</strong></span> <span class='ocrx_word' id='word_1_92' title='bbox 1248 1800 1502 1876; x_wconf 67' lang='lat' dir='ltr'><strong>propugnatoru-</strong></span> 
     </span>
    </p>
   </div>
   <div class='ocr_carea' id='block_1_12' title="bbox 543 1887 1505 2457">
    <p class='ocr_par' dir='ltr' id='par_1_12' title="bbox 543 1887 1505 2457">
     <span class='ocr_line' id='line_1_17' title="bbox 545 1887 1503 1971; baseline 0.004 -22"><span class='ocrx_word' id='word_1_93' title='bbox 545 1887 756 1969; x_wconf 86' lang='lat' dir='ltr'><strong>negligentiam</strong></span> <span class='ocrx_word' id='word_1_94' title='bbox 766 1890 848 1951; x_wconf 79' lang='lat' dir='ltr'><strong>felici</strong></span> <span class='ocrx_word' id='word_1_95' title='bbox 860 1890 986 1953; x_wconf 81' lang='lat' dir='ltr'><strong>concilio</strong></span> <span class='ocrx_word' id='word_1_96' title='bbox 998 1890 1086 1953; x_wconf 77' lang='lat' dir='ltr'><strong>aluit.</strong></span> <span class='ocrx_word' id='word_1_97' title='bbox 1125 1890 1205 1951; x_wconf 81' lang='lat' dir='ltr'><strong>Cum</strong></span> <span class='ocrx_word' id='word_1_98' title='bbox 1223 1891 1304 1951; x_wconf 82' lang='lat' dir='ltr'><strong>enim</strong></span> <span class='ocrx_word' id='word_1_99' title='bbox 1322 1894 1503 1971; x_wconf 76' lang='lat' dir='ltr'><strong>atataquari</strong></span> 
     </span>
     <span class='ocr_line' id='line_1_18' title="bbox 543 1984 1505 2071; baseline 0.001 -25"><span class='ocrx_word' id='word_1_100' title='bbox 543 1984 606 2047; x_wconf 86' lang='lat' dir='ltr'><strong>diei</strong></span> <span class='ocrx_word' id='word_1_101' title='bbox 617 1988 692 2049; x_wconf 85' lang='lat' dir='ltr'><strong>lrora</strong></span> <span class='ocrx_word' id='word_1_102' title='bbox 703 1988 812 2050; x_wconf 76' lang='lat' dir='ltr'><strong>toleret</strong></span> <span class='ocrx_word' id='word_1_103' title='bbox 828 1987 978 2051; x_wconf 82' lang='lat' dir='ltr'><strong>abducere</strong></span> <span class='ocrx_word' id='word_1_104' title='bbox 991 1990 1031 2049; x_wconf 85' lang='lat' dir='ltr'><strong>ab</strong></span> <span class='ocrx_word' id='word_1_105' title='bbox 1043 1990 1268 2069; x_wconf 64' lang='lat' dir='ltr'><strong>oppugnatione</strong></span> <span class='ocrx_word' id='word_1_106' title='bbox 1284 2008 1364 2059; x_wconf 74' lang='lat' dir='ltr'><strong>ator,</strong></span> <span class='ocrx_word' id='word_1_107' title='bbox 1382 1988 1436 2048; x_wconf 87' lang='lat' dir='ltr'><strong>obi</strong></span> <span class='ocrx_word' id='word_1_108' title='bbox 1447 2008 1505 2071; x_wconf 90' lang='lat' dir='ltr'><strong>op·</strong></span> 
     </span>
     <span class='ocr_line' id='line_1_19' title="bbox 544 2084 1504 2167; baseline 0.003 -22"><span class='ocrx_word' id='word_1_109' title='bbox 544 2092 702 2163; x_wconf 87' lang='lat' dir='ltr'><strong>portunum</strong></span> <span class='ocrx_word' id='word_1_110' title='bbox 716 2086 812 2145; x_wconf 75' lang='lat' dir='ltr'><strong>ritum</strong></span> <span class='ocrx_word' id='word_1_111' title='bbox 824 2095 881 2157; x_wconf 88' lang='lat' dir='ltr'><strong>eat,</strong></span> <span class='ocrx_word' id='word_1_112' title='bbox 891 2084 997 2147; x_wconf 87' lang='lat' dir='ltr'><strong>eodem</strong></span> <span class='ocrx_word' id='word_1_113' title='bbox 1009 2096 1142 2167; x_wconf 83' lang='lat' dir='ltr'><strong>ternpore</strong></span> <span class='ocrx_word' id='word_1_114' title='bbox 1154 2087 1303 2167; x_wconf 84' lang='lat' dir='ltr'><strong>corripere</strong></span> <span class='ocrx_word' id='word_1_115' title='bbox 1317 2084 1417 2147; x_wconf 82' lang='lat' dir='ltr'><strong>acalaa</strong></span> <span class='ocrx_word' id='word_1_116' title='bbox 1427 2096 1460 2148; x_wconf 87' lang='lat' dir='ltr'><strong>et</strong></span> <span class='ocrx_word' id='word_1_117' title='bbox 1470 2088 1504 2149; x_wconf 78' lang='lat' dir='ltr'><strong>ia</strong></span> 
     </span>
     <span class='ocr_line' id='line_1_20' title="bbox 543 2181 1501 2263; baseline 0.004 -23"><span class='ocrx_word' id='word_1_118' title='bbox 543 2182 654 2241; x_wconf 80' lang='lat' dir='ltr'><strong>nenia</strong></span> <span class='ocrx_word' id='word_1_119' title='bbox 677 2182 749 2243; x_wconf 86' lang='lat' dir='ltr'><strong>eniti</strong></span> <span class='ocrx_word' id='word_1_120' title='bbox 777 2182 878 2261; x_wconf 82' lang='lat' dir='ltr'><strong>jurait.</strong></span> <span class='ocrx_word' id='word_1_121' title='bbox 926 2181 1135 2263; x_wconf 77' lang='lat' dir='ltr'><strong>Infrequeutea</strong></span> <span class='ocrx_word' id='word_1_122' title='bbox 1158 2181 1330 2243; x_wconf 72' lang='lat' dir='ltr'><strong>defensores</strong></span> <span class='ocrx_word' id='word_1_123' title='bbox 1362 2182 1501 2255; x_wconf 77' lang='lat' dir='ltr'><strong>aderaut,</strong></span> 
     </span>
     <span class='ocr_line' id='line_1_21' title="bbox 544 2275 1503 2362; baseline 0.005 -26"><span class='ocrx_word' id='word_1_124' title='bbox 544 2275 692 2358; x_wconf 74' lang='lat' dir='ltr'><strong>plerisque</strong></span> <span class='ocrx_word' id='word_1_125' title='bbox 710 2280 778 2358; x_wconf 88' lang='lat' dir='ltr'><strong>jam</strong></span> <span class='ocrx_word' id='word_1_126' title='bbox 795 2280 835 2342; x_wconf 91' lang='lat' dir='ltr'><strong>de</strong></span> <span class='ocrx_word' id='word_1_127' title='bbox 856 2300 938 2341; x_wconf 91' lang='lat' dir='ltr'><strong>more</strong></span> <span class='ocrx_word' id='word_1_128' title='bbox 962 2300 1014 2362; x_wconf 87' lang='lat' dir='ltr'><strong>per</strong></span> <span class='ocrx_word' id='word_1_129' title='bbox 1038 2280 1170 2360; x_wconf 75' lang='lat' dir='ltr'><strong>hospitia</strong></span> <span class='ocrx_word' id='word_1_130' title='bbox 1199 2278 1336 2360; x_wconf 71' lang='lat' dir='ltr'><strong>dilapa&#39;m</strong></span> <span class='ocrx_word' id='word_1_131' title='bbox 1390 2277 1503 2341; x_wconf 72' lang='lat' dir='ltr'><strong>Statim</strong></span> 
     </span>
     <span class='ocr_line' id='line_1_22' title="bbox 545 2373 1502 2457; baseline 0.004 -24"><span class='ocrx_word' id='word_1_132' title='bbox 545 2373 635 2452; x_wconf 89' lang='lat' dir='ltr'><strong>igitur</strong></span> <span class='ocrx_word' id='word_1_133' title='bbox 659 2383 750 2457; x_wconf 81' lang='lat' dir='ltr'><strong>capta</strong></span> <span class='ocrx_word' id='word_1_134' title='bbox 776 2375 954 2457; x_wconf 86' lang='lat' dir='ltr'><strong>Eupatoria,</strong></span> <span class='ocrx_word' id='word_1_135' title='bbox 979 2377 1140 2457; x_wconf 71' lang='lat' dir='ltr'><strong>statimque</strong></span> <span class='ocrx_word' id='word_1_136' title='bbox 1159 2375 1262 2437; x_wconf 84' lang='lat' dir='ltr'><strong>deleta</strong></span> <span class='ocrx_word' id='word_1_137' title='bbox 1279 2384 1335 2437; x_wconf 83' lang='lat' dir='ltr'><strong>ert.</strong></span> <span class='ocrx_word' id='word_1_138' title='bbox 1386 2374 1502 2456; x_wconf 77' lang='lat' dir='ltr'><strong>Neque</strong></span> 
     </span>
    </p>
   </div>
   <div class='ocr_carea' id='block_1_13' title="bbox 414 2470 1504 2553">
    <p class='ocr_par' dir='ltr' id='par_1_13' title="bbox 414 2470 1504 2553">
     <span class='ocr_line' id='line_1_23' title="bbox 414 2470 1504 2553; baseline 0.004 -24"><span class='ocrx_word' id='word_1_139' title='bbox 414 2496 429 2529; x_wconf 90' lang='grc' dir='ltr'><strong>ι</strong></span> <span class='ocrx_word' id='word_1_140' title='bbox 544 2470 640 2532; x_wconf 83' lang='lat' dir='ltr'><strong>multo</strong></span> <span class='ocrx_word' id='word_1_141' title='bbox 660 2480 729 2551; x_wconf 81' lang='lat' dir='ltr'><strong>post</strong></span> <span class='ocrx_word' id='word_1_142' title='bbox 751 2471 886 2544; x_wconf 83' lang='lat' dir='ltr'><strong>Anniana,</strong></span> <span class='ocrx_word' id='word_1_143' title='bbox 908 2472 1015 2535; x_wconf 89' lang='lat' dir='ltr'><strong>eodem</strong></span> <span class='ocrx_word' id='word_1_144' title='bbox 1037 2471 1128 2534; x_wconf 79' lang='lat' dir='ltr'><strong>ferme</strong></span> <span class='ocrx_word' id='word_1_145' title='bbox 1151 2472 1252 2544; x_wconf 88' lang='lat' dir='ltr'><strong>modo,</strong></span> <span class='ocrx_word' id='word_1_146' title='bbox 1273 2474 1305 2533; x_wconf 92' lang='lat' dir='ltr'><strong>in</strong></span> <span class='ocrx_word' id='word_1_147' title='bbox 1324 2480 1504 2553; x_wconf 69' lang='lat' dir='ltr'><strong>pomataten</strong></span> 
     </span>
    </p>
   </div>
   <div class='ocr_carea' id='block_1_14' title="bbox 544 2568 1504 2650">
    <p class='ocr_par' dir='ltr' id='par_1_14' title="bbox 544 2568 1504 2650">
     <span class='ocr_line' id='line_1_24' title="bbox 544 2568 1504 2650; baseline 0.005 -23"><span class='ocrx_word' id='word_1_148' title='bbox 544 2568 638 2640; x_wconf 81' lang='lat' dir='ltr'><strong>venit,</strong></span> <span class='ocrx_word' id='word_1_149' title='bbox 664 2570 786 2650; x_wconf 89' lang='lat' dir='ltr'><strong>parique</strong></span> <span class='ocrx_word' id='word_1_150' title='bbox 814 2568 913 2631; x_wconf 79' lang='lat' dir='ltr'><strong>tato</strong></span> <span class='ocrx_word' id='word_1_151' title='bbox 904 2590 1025 2632; x_wconf 72' lang='lat' dir='ltr'><strong>incensa</strong></span> <span class='ocrx_word' id='word_1_152' title='bbox 1048 2580 1105 2642; x_wconf 82' lang='lat' dir='ltr'><strong>eat,</strong></span> <span class='ocrx_word' id='word_1_153' title='bbox 1130 2570 1318 2632; x_wconf 72' lang='lat' dir='ltr'><strong>Callimacho</strong></span> <span class='ocrx_word' id='word_1_154' title='bbox 1348 2569 1504 2648; x_wconf 76' lang='lat' dir='ltr'><strong>injiciente</strong></span> 
     </span>
    </p>
   </div>
   <div class='ocr_carea' id='block_1_15' title="bbox 543 2663 1502 2826">
    <p class='ocr_par' dir='ltr' id='par_1_15' title="bbox 543 2663 1502 2826">
     <span class='ocr_line' id='line_1_25' title="bbox 543 2663 1502 2750; baseline 0.007 -28"><span class='ocrx_word' id='word_1_155' title='bbox 543 2663 654 2742; x_wconf 83' lang='lat' dir='ltr'><strong>ignem,</strong></span> <span class='ocrx_word' id='word_1_156' title='bbox 669 2675 703 2727; x_wconf 89' lang='lat' dir='ltr'><strong>nt</strong></span> <span class='ocrx_word' id='word_1_157' title='bbox 714 2668 828 2728; x_wconf 83' lang='lat' dir='ltr'><strong>interea</strong></span> <span class='ocrx_word' id='word_1_158' title='bbox 838 2667 959 2729; x_wconf 74' lang='lat' dir='ltr'><strong>facilius</strong></span> <span class='ocrx_word' id='word_1_159' title='bbox 971 2669 1153 2749; x_wconf 73' lang='lat' dir='ltr'><strong>adnavigare</strong></span> <span class='ocrx_word' id='word_1_160' title='bbox 1165 2677 1277 2750; x_wconf 85' lang='lat' dir='ltr'><strong>poaaet,</strong></span> <span class='ocrx_word' id='word_1_161' title='bbox 1285 2687 1325 2728; x_wconf 81' lang='lat' dir='ltr'><strong>au</strong></span> <span class='ocrx_word' id='word_1_162' title='bbox 1337 2668 1411 2747; x_wconf 85' lang='lat' dir='ltr'><strong>&#39;quia</strong></span> <span class='ocrx_word' id='word_1_163' title='bbox 1422 2686 1502 2748; x_wconf 69' lang='grc' dir='ltr'>ιιι-</span> 
     </span>
     <span class='ocr_line' id='line_1_26' title="bbox 543 2759 961 2826; baseline 0 0"><span class='ocrx_word' id='word_1_164' title='bbox 543 2759 614 2826; x_wconf 68' lang='lat' dir='ltr'><strong>dnm</strong></span> <span class='ocrx_word' id='word_1_165' title='bbox 633 2762 782 2825; x_wconf 79' lang='lat' dir='ltr'><strong>Romania</strong></span> <span class='ocrx_word' id='word_1_166' title='bbox 796 2764 961 2826; x_wconf 79' lang='lat' dir='ltr'><strong>invidebat.</strong></span> 
     </span>
    </p>
   </div>
   <div class='ocr_carea' id='block_1_16' title="bbox 543 2859 1510 3719">
    <p class='ocr_par' dir='ltr' id='par_1_16' title="bbox 543 2859 1510 3719">
     <span class='ocr_line' id='line_1_27' title="bbox 583 2859 1505 2972; baseline 0.002 -50"><span class='ocrx_word' id='word_1_167' title='bbox 583 2865 635 2922; x_wconf 88' lang='grc'><strong>48.</strong></span> <span class='ocrx_word' id='word_1_168' title='bbox 657 2859 729 2922; x_wconf 88' lang='lat' dir='ltr'><strong>Nec</strong></span> <span class='ocrx_word' id='word_1_169' title='bbox 742 2863 856 2943; x_wconf 85' lang='lat' dir='ltr'><strong>eripere</strong></span> <span class='ocrx_word' id='word_1_170' title='bbox 866 2862 1023 2972; x_wconf 84' lang='lat' dir='ltr'><strong>oppidum,</strong></span> <span class='ocrx_word' id='word_1_171' title='bbox 1031 2860 1104 2922; x_wconf 87' lang='lat' dir='ltr'><strong>lieet</strong></span> <span class='ocrx_word' id='word_1_172' title='bbox 1115 2881 1296 2942; x_wconf 81' lang='lat' dir='ltr'><strong>eummaope</strong></span> <span class='ocrx_word' id='word_1_173' title='bbox 1309 2861 1505 2935; x_wconf 74' lang='lat' dir='ltr'><strong>anniteretur,</strong></span> 
     </span>
     <span class='ocr_line' id='line_1_28' title="bbox 544 2954 1505 3040; baseline 0.002 -21"><span class='ocrx_word' id='word_1_174' title='bbox 544 2954 689 3019; x_wconf 76' lang='lat' dir='ltr'><strong>Lucullus</strong></span> <span class='ocrx_word' id='word_1_175' title='bbox 721 2968 857 3039; x_wconf 78' lang='lat' dir='ltr'><strong>poterat;</strong></span> <span class='ocrx_word' id='word_1_176' title='bbox 881 2960 1019 3040; x_wconf 68' lang='lat' dir='ltr'><strong>jumique</strong></span> <span class='ocrx_word' id='word_1_177' title='bbox 1045 2960 1143 3038; x_wconf 88' lang='lat' dir='ltr'><strong>ignem</strong></span> <span class='ocrx_word' id='word_1_178' title='bbox 1171 2959 1350 3037; x_wconf 80' lang='lat' dir='ltr'><strong>restinguere</strong></span> <span class='ocrx_word' id='word_1_179' title='bbox 1383 2959 1505 3030; x_wconf 79' lang='lat' dir='ltr'><strong>militer,</strong></span> 
     </span>
     <span class='ocr_line' id='line_1_29' title="bbox 543 3053 1507 3137; baseline 0.005 -24"><span class='ocrx_word' id='word_1_180' title='bbox 543 3053 652 3114; x_wconf 84' lang='lat' dir='ltr'><strong>minaci</strong></span> <span class='ocrx_word' id='word_1_181' title='bbox 664 3075 734 3116; x_wconf 90' lang='lat' dir='ltr'><strong>cum</strong></span> <span class='ocrx_word' id='word_1_182' title='bbox 743 3055 877 3118; x_wconf 84' lang='lat' dir='ltr'><strong>clamore</strong></span> <span class='ocrx_word' id='word_1_183' title='bbox 888 3077 973 3118; x_wconf 85' lang='lat' dir='ltr'><strong>arma</strong></span> <span class='ocrx_word' id='word_1_184' title='bbox 986 3056 1181 3137; x_wconf 81' lang='lat' dir='ltr'><strong>quatiebant:</strong></span> <span class='ocrx_word' id='word_1_185' title='bbox 1202 3055 1300 3116; x_wconf 85' lang='lat' dir='ltr'><strong>donec</strong></span> <span class='ocrx_word' id='word_1_186' title='bbox 1312 3057 1461 3118; x_wconf 87' lang='lat' dir='ltr'><strong>exercitui</strong></span> <span class='ocrx_word' id='word_1_187' title='bbox 1472 3077 1507 3118; x_wconf 84' lang='lat' dir='ltr'><strong>aa</strong></span> 
     </span>
     <span class='ocr_line' id='line_1_30' title="bbox 545 3149 1505 3235; baseline 0.004 -25"><span class='ocrx_word' id='word_1_188' title='bbox 545 3149 676 3231; x_wconf 65' lang='lat' dir='ltr'><strong>predam</strong></span> <span class='ocrx_word' id='word_1_189' title='bbox 690 3152 854 3214; x_wconf 84' lang='lat' dir='ltr'><strong>concedere</strong></span> <span class='ocrx_word' id='word_1_190' title='bbox 867 3152 976 3226; x_wconf 83' lang='lat' dir='ltr'><strong>edixit,</strong></span> <span class='ocrx_word' id='word_1_191' title='bbox 989 3151 1079 3213; x_wconf 88' lang='lat' dir='ltr'><strong>modo</strong></span> <span class='ocrx_word' id='word_1_192' title='bbox 1091 3154 1132 3213; x_wconf 83' lang='lat' dir='ltr'><strong>ab</strong></span> <span class='ocrx_word' id='word_1_193' title='bbox 1144 3152 1283 3213; x_wconf 83' lang='lat' dir='ltr'><strong>incendio</strong></span> <span class='ocrx_word' id='word_1_194' title='bbox 1295 3151 1427 3214; x_wconf 70' lang='lat' dir='ltr'><strong>edincta</strong></span> <span class='ocrx_word' id='word_1_195' title='bbox 1435 3173 1505 3235; x_wconf 84' lang='lat' dir='ltr'><strong>pro·</strong></span> 
     </span>
     <span class='ocr_line' id='line_1_31' title="bbox 544 3249 1507 3332; baseline 0.004 -24"><span class='ocrx_word' id='word_1_196' title='bbox 544 3257 724 3326; x_wconf 86' lang='lat' dir='ltr'><strong>tegerentur.</strong></span> <span class='ocrx_word' id='word_1_197' title='bbox 766 3249 830 3312; x_wconf 84' lang='lat' dir='ltr'><strong>Sed</strong></span> <span class='ocrx_word' id='word_1_198' title='bbox 842 3252 974 3312; x_wconf 84' lang='lat' dir='ltr'><strong>intentua</strong></span> <span class='ocrx_word' id='word_1_199' title='bbox 982 3251 1095 3332; x_wconf 89' lang='lat' dir='ltr'><strong>rapinia</strong></span> <span class='ocrx_word' id='word_1_200' title='bbox 1106 3249 1192 3311; x_wconf 77' lang='lat' dir='ltr'><strong>miles</strong></span> <span class='ocrx_word' id='word_1_201' title='bbox 1200 3251 1287 3311; x_wconf 87' lang='lat' dir='ltr'><strong>auxit</strong></span> <span class='ocrx_word' id='word_1_202' title='bbox 1296 3252 1401 3330; x_wconf 84' lang='lat' dir='ltr'><strong>magia,</strong></span> <span class='ocrx_word' id='word_1_203' title='bbox 1412 3271 1507 3331; x_wconf 83' lang='lat' dir='ltr'><strong>quam</strong></span> 
     </span>
     <span class='ocr_line' id='line_1_32' title="bbox 545 3343 1510 3429; baseline 0 -25"><span class='ocrx_word' id='word_1_204' title='bbox 545 3343 687 3418; x_wconf 82' lang='lat' dir='ltr'><strong>extinxit,</strong></span> <span class='ocrx_word' id='word_1_205' title='bbox 703 3347 815 3427; x_wconf 83' lang='lat' dir='ltr'><strong>ignem,</strong></span> <span class='ocrx_word' id='word_1_206' title='bbox 830 3367 900 3410; x_wconf 87' lang='lat' dir='ltr'><strong>cum</strong></span> <span class='ocrx_word' id='word_1_207' title='bbox 919 3347 1007 3409; x_wconf 87' lang='lat' dir='ltr'><strong>multi</strong></span> <span class='ocrx_word' id='word_1_208' title='bbox 1031 3347 1182 3429; x_wconf 76' lang='lat' dir='ltr'><strong>quoslibet</strong></span> <span class='ocrx_word' id='word_1_209' title='bbox 1199 3346 1324 3426; x_wconf 83' lang='lat' dir='ltr'><strong>anguloa</strong></span> <span class='ocrx_word' id='word_1_210' title='bbox 1338 3367 1410 3408; x_wconf 88' lang='lat' dir='ltr'><strong>eum</strong></span> <span class='ocrx_word' id='word_1_211' title='bbox 1430 3346 1510 3408; x_wconf 46' lang='lat' dir='ltr'><strong>iaci,</strong></span> 
     </span>
     <span class='ocr_line' id='line_1_33' title="bbox 545 3439 1507 3525; baseline 0.005 -25"><span class='ocrx_word' id='word_1_212' title='bbox 545 3439 600 3500; x_wconf 83' lang='lat' dir='ltr'><strong>bur</strong></span> <span class='ocrx_word' id='word_1_213' title='bbox 617 3445 833 3523; x_wconf 82' lang='lat' dir='ltr'><strong>perscrutando</strong></span> <span class='ocrx_word' id='word_1_214' title='bbox 854 3444 933 3505; x_wconf 86' lang='lat' dir='ltr'><strong>ultro</strong></span> <span class='ocrx_word' id='word_1_215' title='bbox 956 3444 1169 3506; x_wconf 76' lang='lat' dir='ltr'><strong>succenderent</strong></span> <span class='ocrx_word' id='word_1_216' title='bbox 1185 3443 1277 3517; x_wconf 75' lang='lat' dir='ltr'><strong>mdes,</strong></span> <span class='ocrx_word' id='word_1_217' title='bbox 1294 3445 1507 3525; x_wconf 76' lang='lat' dir='ltr'><strong>ingentemque</strong></span> 
     </span>
     <span class='ocr_line' id='line_1_34' title="bbox 545 3535 1505 3621; baseline 0.008 -26"><span class='ocrx_word' id='word_1_218' title='bbox 545 3535 575 3595; x_wconf 92' lang='lat' dir='ltr'><strong>in</strong></span> <span class='ocrx_word' id='word_1_219' title='bbox 602 3539 675 3600; x_wconf 87' lang='lat' dir='ltr'><strong>urbe</strong></span> <span class='ocrx_word' id='word_1_220' title='bbox 702 3540 793 3620; x_wconf 88' lang='lat' dir='ltr'><strong>paulo</strong></span> <span class='ocrx_word' id='word_1_221' title='bbox 813 3550 883 3602; x_wconf 88' lang='lat' dir='ltr'><strong>ante</strong></span> <span class='ocrx_word' id='word_1_222' title='bbox 905 3540 1144 3621; x_wconf 79' lang='lat' dir='ltr'><strong>frequentiarima</strong></span> <span class='ocrx_word' id='word_1_223' title='bbox 1163 3542 1335 3602; x_wconf 73' lang='lat' dir='ltr'><strong>vastitatem</strong></span> <span class='ocrx_word' id='word_1_224' title='bbox 1360 3541 1505 3603; x_wconf 81' lang='lat' dir='ltr'><strong>iacerent.</strong></span> 
     </span>
     <span class='ocr_line' id='line_1_35' title="bbox 545 3632 1506 3719; baseline 0.005 -26"><span class='ocrx_word' id='word_1_225' title='bbox 545 3632 667 3696; x_wconf 90' lang='lat' dir='ltr'><strong>Idcirco</strong></span> <span class='ocrx_word' id='word_1_226' title='bbox 686 3637 826 3718; x_wconf 83' lang='lat' dir='ltr'><strong>postridie</strong></span> <span class='ocrx_word' id='word_1_227' title='bbox 839 3639 987 3719; x_wconf 83' lang='lat' dir='ltr'><strong>ingreaaua</strong></span> <span class='ocrx_word' id='word_1_228' title='bbox 999 3640 1101 3700; x_wconf 87' lang='lat' dir='ltr'><strong>urbem</strong></span> <span class='ocrx_word' id='word_1_229' title='bbox 1116 3638 1260 3701; x_wconf 80' lang='lat' dir='ltr'><strong>Lucullus</strong></span> <span class='ocrx_word' id='word_1_230' title='bbox 1270 3659 1330 3700; x_wconf 87' lang='lat' dir='ltr'><strong>non</strong></span> <span class='ocrx_word' id='word_1_231' title='bbox 1346 3639 1447 3699; x_wconf 85' lang='lat' dir='ltr'><strong>tenuit</strong></span> <span class='ocrx_word' id='word_1_232' title='bbox 1459 3637 1506 3698; x_wconf 88' lang='lat' dir='ltr'><strong>la-</strong></span> 
     </span>
    </p>
   </div>
   <div class='ocr_carea' id='block_1_17' title="bbox 484 3731 1505 3818">
    <p class='ocr_par' dir='ltr' id='par_1_17' title="bbox 484 3731 1505 3818">
     <span class='ocr_line' id='line_1_36' title="bbox 484 3731 1505 3818; baseline 0.01 -27"><span class='ocrx_word' id='word_1_233' title='bbox 484 3779 486 3786; x_wconf 94' lang='lat'><em>.</em></span> <span class='ocrx_word' id='word_1_234' title='bbox 544 3751 672 3812; x_wconf 79' lang='lat' dir='ltr'><strong>erynnas,</strong></span> <span class='ocrx_word' id='word_1_235' title='bbox 686 3734 825 3817; x_wconf 83' lang='lat' dir='ltr'><strong>dixitque</strong></span> <span class='ocrx_word' id='word_1_236' title='bbox 838 3738 953 3808; x_wconf 78' lang='lat' dir='ltr'><strong>amicir,</strong></span> <span class='ocrx_word' id='word_1_237' title='bbox 968 3747 1068 3817; x_wconf 76' lang='lat' dir='ltr'><strong>‘crepe</strong></span> <span class='ocrx_word' id='word_1_238' title='bbox 1089 3738 1147 3798; x_wconf 84' lang='lat' dir='ltr'><strong>eibi</strong></span> <span class='ocrx_word' id='word_1_239' title='bbox 1169 3731 1320 3800; x_wconf 77' lang='lat' dir='ltr'><strong>fortunam</strong></span> <span class='ocrx_word' id='word_1_240' title='bbox 1338 3737 1437 3818; x_wconf 74' lang='lat' dir='ltr'><strong>Syllae</strong></span> <span class='ocrx_word' id='word_1_241' title='bbox 1449 3737 1505 3801; x_wconf 60' lang='lat' dir='ltr'><strong>adv</strong></span> 
     </span>
    </p>
   </div>
   <div class='ocr_carea' id='block_1_18' title="bbox 543 3829 1509 4406">
    <p class='ocr_par' dir='ltr' id='par_1_18' title="bbox 543 3829 1509 4406">
     <span class='ocr_line' id='line_1_37' title="bbox 544 3829 1504 3915; baseline 0.002 -24"><span class='ocrx_word' id='word_1_242' title='bbox 544 3829 711 3892; x_wconf 83' lang='lat' dir='ltr'><strong>mirabilem</strong></span> <span class='ocrx_word' id='word_1_243' title='bbox 725 3833 831 3906; x_wconf 80' lang='lat' dir='ltr'><strong>visam,</strong></span> <span class='ocrx_word' id='word_1_244' title='bbox 844 3854 882 3894; x_wconf 83' lang='lat' dir='ltr'><strong>eo</strong></span> <span class='ocrx_word' id='word_1_245' title='bbox 900 3834 1029 3894; x_wconf 85' lang='lat' dir='ltr'><strong>maxime</strong></span> <span class='ocrx_word' id='word_1_246' title='bbox 1042 3834 1124 3915; x_wconf 90' lang='lat' dir='ltr'><strong>quod</strong></span> <span class='ocrx_word' id='word_1_247' title='bbox 1144 3834 1284 3896; x_wconf 82' lang='lat' dir='ltr'><strong>Athenae</strong></span> <span class='ocrx_word' id='word_1_248' title='bbox 1300 3854 1418 3894; x_wconf 78' lang='lat' dir='ltr'><strong>terrare</strong></span> <span class='ocrx_word' id='word_1_249' title='bbox 1435 3853 1504 3895; x_wconf 83' lang='lat' dir='ltr'><strong>curn</strong></span> 
     </span>
     <span class='ocr_line' id='line_1_38' title="bbox 544 3927 1509 4014; baseline 0.007 -27"><span class='ocrx_word' id='word_1_250' title='bbox 544 3927 636 3990; x_wconf 84' lang='lat' dir='ltr'><strong>vellet</strong></span> <span class='ocrx_word' id='word_1_251' title='bbox 648 3933 788 4012; x_wconf 87' lang='lat' dir='ltr'><strong>potuerit.</strong></span> <span class='ocrx_word' id='word_1_252' title='bbox 830 3931 873 3993; x_wconf 87' lang='lat' dir='ltr'><strong>Se</strong></span> <span class='ocrx_word' id='word_1_253' title='bbox 893 3952 995 4013; x_wconf 83' lang='lat' dir='ltr'><strong>parem</strong></span> <span class='ocrx_word' id='word_1_254' title='bbox 1017 3933 1142 4013; x_wconf 88' lang='lat' dir='ltr'><strong>gloriam</strong></span> <span class='ocrx_word' id='word_1_255' title='bbox 1161 3955 1272 4014; x_wconf 83' lang='lat' dir='ltr'><strong>magno</strong></span> <span class='ocrx_word' id='word_1_256' title='bbox 1291 3933 1392 3996; x_wconf 77' lang='lat' dir='ltr'><strong>rmdio</strong></span> <span class='ocrx_word' id='word_1_257' title='bbox 1410 3953 1509 4013; x_wconf 67' lang='lat' dir='ltr'><strong>expe-t</strong></span> 
     </span>
     <span class='ocr_line' id='line_1_39' title="bbox 544 4029 1504 4113; baseline 0.005 -26"><span class='ocrx_word' id='word_1_258' title='bbox 544 4037 667 4102; x_wconf 85' lang='lat' dir='ltr'><strong>tentem,</strong></span> <span class='ocrx_word' id='word_1_259' title='bbox 680 4029 721 4092; x_wconf 92' lang='lat' dir='ltr'><strong>ad</strong></span> <span class='ocrx_word' id='word_1_260' title='bbox 735 4031 770 4091; x_wconf 86' lang='lat'><strong>1..</strong></span> <span class='ocrx_word' id='word_1_261' title='bbox 785 4030 926 4093; x_wconf 86' lang='lat' dir='ltr'><strong>Mummii</strong></span> <span class='ocrx_word' id='word_1_262' title='bbox 940 4042 1050 4094; x_wconf 77' lang='lat' dir='ltr'><strong>cortem</strong></span> <span class='ocrx_word' id='word_1_263' title='bbox 1070 4031 1202 4105; x_wconf 84' lang='lat' dir='ltr'><strong>detrudi,</strong></span> <span class='ocrx_word' id='word_1_264' title='bbox 1214 4042 1249 4094; x_wconf 88' lang='lat' dir='ltr'><strong>ut</strong></span> <span class='ocrx_word' id='word_1_265' title='bbox 1266 4053 1384 4094; x_wconf 74' lang='lat' dir='ltr'><strong>eversor</strong></span> <span class='ocrx_word' id='word_1_266' title='bbox 1405 4033 1504 4113; x_wconf 80' lang='lat' dir='ltr'><strong>potiar</strong></span> 
     </span>
     <span class='ocr_line' id='line_1_40' title="bbox 543 4128 1504 4212; baseline 0.002 -24"><span class='ocrx_word' id='word_1_267' title='bbox 543 4145 716 4206; x_wconf 84' lang='lat' dir='ltr'><strong>magnarum</strong></span> <span class='ocrx_word' id='word_1_268' title='bbox 742 4129 873 4201; x_wconf 86' lang='lat' dir='ltr'><strong>urbium,</strong></span> <span class='ocrx_word' id='word_1_269' title='bbox 895 4151 987 4210; x_wconf 89' lang='lat' dir='ltr'><strong>quam</strong></span> <span class='ocrx_word' id='word_1_270' title='bbox 1015 4140 1148 4195; x_wconf 78' lang='lat' dir='ltr'><strong>serrator</strong></span> <span class='ocrx_word' id='word_1_271' title='bbox 1170 4129 1372 4212; x_wconf 66' lang='lat' dir='ltr'><strong>predicetur!</strong></span> <span class='ocrx_word' id='word_1_272' title='bbox 1414 4128 1504 4190; x_wconf 79' lang='lat' dir='ltr'><strong>Bona</strong></span> 
     </span>
     <span class='ocr_line' id='line_1_41' title="bbox 544 4225 1502 4309; baseline 0.003 -26"><span class='ocrx_word' id='word_1_273' title='bbox 544 4234 644 4284; x_wconf 85' lang='lat' dir='ltr'><strong>tamen</strong></span> <span class='ocrx_word' id='word_1_274' title='bbox 659 4245 727 4305; x_wconf 85' lang='lat' dir='ltr'><strong>para</strong></span> <span class='ocrx_word' id='word_1_275' title='bbox 748 4227 829 4286; x_wconf 87' lang='lat' dir='ltr'><strong>urbia</strong></span> <span class='ocrx_word' id='word_1_276' title='bbox 841 4236 945 4309; x_wconf 86' lang='lat' dir='ltr'><strong>erepta</strong></span> <span class='ocrx_word' id='word_1_277' title='bbox 960 4225 1089 4288; x_wconf 71' lang='lat' dir='ltr'><strong>flammis</strong></span> <span class='ocrx_word' id='word_1_278' title='bbox 1108 4236 1156 4288; x_wconf 84' lang='lat' dir='ltr'><strong>eat</strong></span> <span class='ocrx_word' id='word_1_279' title='bbox 1173 4229 1284 4308; x_wconf 69' lang='lat' dir='ltr'><strong>plurim</strong></span> <span class='ocrx_word' id='word_1_280' title='bbox 1304 4225 1502 4294; x_wconf 75' lang='lat' dir='ltr'><strong>miaemtione,</strong></span> 
     </span>
     <span class='ocr_line' id='line_1_42' title="bbox 546 4321 1500 4406; baseline 0 -25"><span class='ocrx_word' id='word_1_281' title='bbox 546 4342 614 4401; x_wconf 77' lang='lat' dir='ltr'><strong>quar</strong></span> <span class='ocrx_word' id='word_1_282' title='bbox 625 4333 790 4404; x_wconf 85' lang='lat' dir='ltr'><strong>opportune</strong></span> <span class='ocrx_word' id='word_1_283' title='bbox 804 4324 889 4384; x_wconf 87' lang='lat' dir='ltr'><strong>velut</strong></span> <span class='ocrx_word' id='word_1_284' title='bbox 901 4345 941 4385; x_wconf 86' lang='lat' dir='ltr'><strong>ex</strong></span> <span class='ocrx_word' id='word_1_285' title='bbox 955 4325 1095 4386; x_wconf 88' lang='lat' dir='ltr'><strong>machina</strong></span> <span class='ocrx_word' id='word_1_286' title='bbox 1107 4327 1249 4406; x_wconf 79' lang='lat' dir='ltr'><strong>prorupit.</strong></span> <span class='ocrx_word' id='word_1_287' title='bbox 1291 4324 1336 4384; x_wconf 86' lang='lat' dir='ltr'><strong>Et</strong></span> <span class='ocrx_word' id='word_1_288' title='bbox 1347 4321 1500 4392; x_wconf 80' lang='lat' dir='ltr'><strong>Lucullus,</strong></span> 
     </span>
    </p>
   </div>
   <div class='ocr_carea' id='block_1_19' title="bbox 415 4419 1499 4504">
    <p class='ocr_par' dir='ltr' id='par_1_19' title="bbox 415 4419 1499 4504">
     <span class='ocr_line' id='line_1_43' title="bbox 415 4419 1499 4504; baseline 0.015 -33"><span class='ocrx_word' id='word_1_289' title='bbox 415 4439 511 4476; x_wconf 73' lang='lat' dir='ltr'><strong>amnon.</strong></span> <span class='ocrx_word' id='word_1_290' title='bbox 548 4422 718 4502; x_wconf 79' lang='lat' dir='ltr'><strong>priusquam</strong></span> <span class='ocrx_word' id='word_1_291' title='bbox 741 4420 810 4483; x_wconf 87' lang='lat' dir='ltr'><strong>inde</strong></span> <span class='ocrx_word' id='word_1_292' title='bbox 837 4422 1013 4496; x_wconf 82' lang='lat' dir='ltr'><strong>discederet,</strong></span> <span class='ocrx_word' id='word_1_293' title='bbox 1037 4443 1157 4504; x_wconf 82' lang='lat' dir='ltr'><strong>operam</strong></span> <span class='ocrx_word' id='word_1_294' title='bbox 1181 4422 1277 4495; x_wconf 87' lang='lat' dir='ltr'><strong>dedit,</strong></span> <span class='ocrx_word' id='word_1_295' title='bbox 1301 4429 1335 4482; x_wconf 86' lang='lat' dir='ltr'><strong>nt</strong></span> <span class='ocrx_word' id='word_1_296' title='bbox 1359 4419 1499 4502; x_wconf 64' lang='lat' dir='ltr'><strong>pleraque</strong></span> 
     </span>
    </p>
   </div>
   <div class='ocr_carea' id='block_1_20' title="bbox 0 0 1657 5225">
    <p class='ocr_par' dir='ltr' id='par_1_20' title="bbox 0 0 1657 5225">
     <span class='ocr_line' id='line_1_44' title="bbox 0 0 1657 5225; baseline 0 0"><span class='ocrx_word' id='word_1_297' title='bbox 0 0 1657 5225; x_wconf 95' lang='lat' dir='ltr'><strong> </strong></span> 
     </span>
    </p>
   </div>
  </div>
 </body>
</html>
