3300 5225
871 569 906 616 Τ.
930 568 1027 616 mvl!

595 717 648 774 69.
668 711 766 791 Igitur
777 732 838 773 nou
851 723 922 774 onte
933 713 1062 776 medinm
1074 721 1205 774 mntem
1217 711 1306 772 motis
1314 709 1430 782 coenis,
1439 729 1509 772 oum

556 810 752 892 persequendi
771 809 910 890 Tigranis
929 833 1021 874 oeuse
1032 812 1163 874 Taurum
1182 809 1422 880 trensoendimot,
1436 807 1509 870 lieet

474 951 478 957 »
555 911 694 991 opinione
705 909 875 984 suslelsus,
895 912 926 971 in
944 911 1034 993 plene
1046 910 1174 972 deduxit
1188 909 1364 970 exereitum.
1405 906 1510 974 Quem

554 1010 636 1068 enim
648 1006 701 1069 ille
713 1028 836 1070 messem
850 1010 889 1070 ob
912 1010 982 1089 enpi
1002 1017 1118 1090 tempus
1133 1009 1203 1088 jem·
1217 1014 1363 1067 metuerem
1382 1002 1509 1084 adeptu·

556 1124 623 1165 rum
648 1106 883 1179 exisfimererot,
908 1107 1006 1168 udbue
1029 1108 1060 1167 in
1080 1107 1175 1168 herbo
1192 1111 1267 1177 eret,
1291 1109 1411 1185 propter
1439 1099 1508 1162 eceli

557 1203 868 1285 asperitatem-tenditis
880 1203 921 1265 ibi
931 1212 1104 1282 oenesoente
1116 1211 1225 1283 segete.
1269 1202 1464 1280 Quapropter
1476 1205 1511 1257 ut

557 1297 597 1358 ed
609 1299 746 1381 prelium
758 1299 879 1362 eliceret
895 1301 1020 1373 bostem,
1041 1310 1158 1362 rmtere
1170 1307 1284 1380 portem
1303 1296 1433 1375 regionis
1450 1313 1511 1354 αι-

557 1396 620 1476 pit:
650 1406 684 1457 et
707 1397 901 1458 nibilominus
923 1399 1112 1459 contuentibus
1134 1398 1299 1468 Armeniis,
1324 1394 1364 1456 nd
1390 1392 1510 1454 illorum

455 1511 462 1524 ·
496 1546 503 1563 ,
557 1502 658 1554 eostre
675 1493 840 1555 contendit
883 1495 979 1555 Erent
996 1495 1052 1557 ille
1071 1497 1102 1556 in
1124 1493 1203 1556 colle
1216 1492 1346 1575 quodem
1366 1493 1437 1562 site,
1459 1491 1512 1550 ubi

559 1591 725 1672 peditatum
737 1611 855 1653 omnem
868 1612 938 1654 oum
950 1601 1034 1675 perte
1047 1593 1194 1675 equitanus
1208 1590 1403 1652 Mithridates
1413 1591 1512 1650 eonti-

558 1691 666 1750 nebot:
686 1710 755 1751 omn
775 1690 899 1772 reliquis
914 1692 1064 1772 equitibus
1086 1691 1234 1770 Tigranes
1252 1688 1514 1750 frumentatoribus

423 1792 455 1840 io.
558 1785 723 1860 insidietur,
735 1788 783 1848 bis
794 1797 878 1849 terre
890 1789 1023 1870 repulsus
1035 1810 1054 1851 s
1064 1787 1212 1850 Romanis
1223 1796 1281 1858 est,
1293 1786 1354 1847 leri
1366 1805 1436 1848 oum
1443 1788 1513 1864 joe·

557 1891 625 1943 mre
637 1882 801 1956 bominum,
813 1885 886 1965 quie
898 1882 1039 1946 Rommm
1048 1887 1180 1968 superior
1192 1885 1336 1946 borberus
1349 1883 1511 1962 equitatus,

455 2039 461 2048 ,
556 1980 645 2040 simul
657 1979 797 2041 secedere
814 1981 931 2063 pedites
942 1992 1082 2058 senserat,
1095 1984 1232 2045 vertebat
1244 1990 1339 2060 terga,
1350 1979 1513 2060 frugumque

559 2078 656 2138 inibat
674 2077 811 2139 hostibus
822 2077 1050 2151 damnosiorem‚
1073 2078 1242 2141 emittendis
1255 2099 1275 2139 ιι
1286 2087 1371 2156 tergo
1383 2077 1513 2155 sagittis,

559 2173 726 2255 multosque
736 2184 789 2236 eut
800 2175 1139 2251 interficiebnntstotim,
1153 2185 1206 2238 eut
1215 2173 1392 2256 gromaelmis
1402 2171 1514 2234 efficie-
1637 2173 1638 2196 i

559 2272 635 2332 bont
646 2272 827 2333 vulneribus.
870 2273 1018 2356 Duplioes
1029 2276 1107 2336 enim
1125 2273 1246 2336 eculeos
1262 2271 1382 2360 illorum
1394 2272 1512 2352 segittae

560 2367 724 2440 bebebnnt,
736 2370 781 2430 sie
793 2379 924 2451 optatos,
938 2379 983 2444 ut,
996 2373 1021 2431 si
1035 2371 1207 2454 arundinem
1219 2368 1356 2441 mlieres,
1371 2388 1433 2429 une
1446 2377 1514 2428 ton-

559 2475 623 2526 tum
635 2464 703 2527 ferri
713 2467 862 2548 peniculo
873 2477 1065 2550 sequereturr
1080 2468 1185 2540 altero,
1199 2467 1281 2550 quod
1296 2465 1441 2550 prehendi
1453 2475 1514 2526 tru-

560 2562 650 2644 bique
664 2583 722 2625 non
735 2573 846 2645 posset,
860 2585 941 2627 omen
954 2575 1036 2648 peste
1049 2585 1157 2648 eorpus
1170 2565 1209 2628 od
1220 2564 1378 2647 perniciem
1393 2571 1502 2625 ureret

601 2667 653 2725 70.
673 2660 786 2743 Neque
798 2663 932 2743 poenitet,
943 2684 1003 2745 quo
1013 2663 1390 2745 elariusintellignturejm
1406 2662 1516 2741 ingenii

560 2756 647 2828 ratio,
661 2777 724 2818 rem
744 2778 784 2819 ex
807 2780 863 2820 usu
884 2770 1038 2833 remotum,
1061 2770 1203 2843 praetereu
1226 2780 1369 2843 perquem
1389 2758 1516 2819 obscure
1638 2754 1639 2827 l

561 2853 713 2927 traditam,
730 2854 866 2937 pluribus
887 2858 986 2919 verbis
1010 2867 1042 2918 et
1061 2858 1311 2919 manifestioribus
1332 2856 1515 2937 exposuiss-
1638 2904 1639 2909 1

484 2982 489 2992 ·
562 2950 728 3013 Proeiixum
741 2952 878 3015 arundini
890 2952 1001 3017 ferrum
1021 2975 1079 3017 uon
1098 2965 1165 3017 eret
1179 2954 1319 3026 solidum,
1333 2952 1386 3014 sed
1399 2952 1518 3014 duobus

562 3068 601 3108 ex
619 3048 736 3112 leminis
748 3052 792 3112 ite
805 3054 1012 3135 oompositum‚
1026 3063 1060 3115 ut
1072 3053 1166 3115 sltem
1175 3052 1299 3114 fibulam
1315 3052 1441 3112 heberet
1458 3070 1517 3131 qus
1638 3054 1639 3059 ’

562 3142 644 3224 ligno
657 3150 1057 3221 annecteretnr‚elterehuio
1072 3152 1114 3211 sio
1123 3153 1309 3231 jungeretur,
1328 3157 1362 3208 ut
1372 3148 1468 3209 coiret
1487 3149 1516 3207 in
1638 3212 1639 3235 p

562 3242 649 3303 unius
668 3245 765 3306 eculei
782 3248 925 3327 speeiem,
937 3256 1071 3309 ceterum
1090 3247 1198 3310 leviter
1218 3255 1334 3309 tentum
1354 3254 1434 3307 esset
1448 3244 1516 3305 elli-

562 3349 644 3421 geta,
658 3361 719 3422 quo
738 3344 835 3405 emitti
852 3343 972 3425 quidem
993 3366 1063 3409 areu
1077 3356 1186 3427 posset,
1199 3354 1231 3407 et
1244 3344 1332 3406 simul
1348 3350 1518 3425 penetraret

563 3439 594 3497 iu
619 3438 743 3511 vnlnos3
766 3440 819 3502 sed
845 3452 943 3505 tracto
967 3442 1127 3524 evulsoque
1152 3444 1272 3523 sagitto,
1297 3440 1428 3502 hemulis
1458 3441 1518 3501 sris

563 3539 716 3597 retente¹²
734 3536 825 3600 focile
845 3560 877 3600 se
899 3540 1018 3619 vinculo
1040 3541 1190 3602 educeret.

333 3678 337 3685 -
433 3668 469 3703 u.
603 3639 655 3696 71.
676 3633 899 3711 (letetumilloe,
913 3657 1084 3719 quenquam
1098 3638 1234 3710 mediore,
1244 3636 1517 3698 vietoriaesummo·

563 3728 673 3790 vehent
681 3739 781 3792 nmen
798 3733 924 3806 bostem,
938 3735 1078 3817 vicosque
1091 3734 1213 3795 liberius
1224 3731 1388 3815 populandi
1398 3734 1516 3813 oopiem

565 3823 692 3887 Lneullo
713 3827 875 3891 faciebant.
917 3831 1022 3913 Atque
1044 3831 1108 3903 ille,
1135 3833 1299 3911 intercepto
1320 3829 1372 3909 qni
1398 3830 1517 3909 regibus

565 3923 964 4003 opportobeturoommeetu,
978 3948 1069 4007 quem
1090 3928 1231 3987 timuerat
1240 3927 1382 4007 inopiam,
1400 3926 1432 3985 in
1450 3945 1518 3987 enm

564 4018 664 4079 hostes
676 4020 799 4101 redegit.
842 4022 945 4104 Reges
958 4032 1056 4086 temen
1077 4024 1161 4085 nulle
1172 4044 1202 4085 re
1214 4022 1253 4085 od
1265 4024 1434 4083 universum
1454 4044 1516 4083 eer-

564 4125 665 4177 temen
684 4117 890 4192 eliciebantur‚
903 4141 972 4181 eum
989 4122 1064 4181 nihil
1085 4122 1260 4181 intentatum
1283 4119 1430 4180 Lucullus
1450 4118 1518 4181 reli·

565 4214 692 4293 quisset;
714 4216 805 4277 etiem
813 4228 912 4279 oestro
921 4217 1143 4281 circumvallare
1153 4238 1245 4280 omos.
1288 4216 1387 4296 Igitur
1399 4236 1519 4279 ennone

755 4437 786 4484 12
804 4433 933 4487 meeum
942 4426 968 4487 in
981 4436 1043 4487 edd.
1054 4442 1115 4488 sote
1127 4434 1204 4487 Cres.
1217 4434 1321 4500 legitur.
