3300 5225
407 604 513 653 arsur
538 602 677 654 xovnr.
699 601 1026 656 surrusunnruu.
1181 588 1270 659 48⁴6

195 754 246 809 ³8.
267 746 329 808 Sed
344 745 497 818 lucullus,
515 756 550 808 ut
562 746 602 807 ad
620 766 748 829 pugnam
766 767 835 809 eum
852 747 985 821 eliceret,
999 748 1107 811 acriter

152 846 367 924 Tigranocerta
388 844 552 925 premebat,
579 864 637 905 non
659 844 721 905 siue
744 843 877 925 periculo
903 838 1050 917 militum
1074 847 1106 909 in

152 962 229 1023 ques
240 942 350 1003 obsessi
364 950 470 1023 preter
483 941 572 1003 solite
584 941 778 1003 defendendis
793 942 926 1014 urbibus,
943 942 1026 1021 ignes
1042 962 1106 1005 orn·
1118 954 1240 1021 xiphilin.

153 1042 205 1101 nia
234 1041 451 1111 comburentes,
478 1058 534 1101 nec
562 1040 704 1119 restingui
729 1038 844 1112 faciles,
869 1038 1266 1120 ejsculabautur.·estt.}tist.
1311 1065 1315 1073 ·

152 1136 311 1220 Nephtam
322 1147 432 1199 vocant
443 1138 595 1199 bituminis
607 1156 710 1217 genum,
723 1136 798 1198 adeo
805 1147 964 1217 cognatum
977 1137 1105 1216 ignibus,
1118 1123 1202 1232 ’ᾖξ’

152 1243 187 1296 ut
197 1236 310 1297 eminus
321 1237 419 1316 rapiat
430 1234 576 1307 flammas,
589 1245 621 1295 et
633 1244 782 1296 momento
797 1234 848 1296 rel
862 1236 892 1295 in
905 1234 997 1315 longa
1007 1237 1106 1317 spatia
1119 1250 1176 1298 loe.
1190 1220 1198 1235 ⁶

150 1333 290 1395 diffusum
315 1332 489 1395 inardescat.
532 1332 646 1395 Similis
672 1342 777 1395 natura
804 1331 937 1405 malthae,
962 1334 1050 1413 eujus
1074 1334 1104 1395 in
1117 1312 1266 1431 ffl‘m

152 1431 368 1509 Commagenes
390 1430 462 1491 urbe
489 1430 652 1493 Samosatis
671 1439 807 1509 stagnum
829 1438 895 1491 ests
915 1449 976 1509 qua
1001 1430 1103 1503 etiam,
1132 1440 1242 1494 Plinii.

151 1538 343 1611 oppugnante
368 1526 505 1599 Lucullo,
534 1548 633 1589 muros
660 1526 828 1589 delendioee
853 1526 1020 1609 oppidsui⁷
1042 1536 1104 1589 tra·
1118 1510 1175 1559 ¹⁰⁴·

150 1625 271 1687 duntur.

191 1730 243 1786 89.
267 1722 405 1803 Urgebat
416 1730 517 1784 tamen
528 1724 679 1805 inceptum
693 1722 849 1794 Lucullus,
862 1720 943 1783 haud
952 1721 1104 1796 dubitans,
1116 1734 1183 1785 Plut.
1193 1735 1252 1787 Luc.

149 1840 354 1883 succursumm
366 1821 395 1879 ei
414 1820 482 1879 urbi
499 1818 668 1899 Tigranem,
686 1839 778 1902 quam
795 1828 888 1881 mutae
900 1838 981 1880 curae
990 1840 1106 1902 semper
1117 1864 1217 1933 Appius

150 1919 312 1990 habuisset,
325 1926 428 1998 totque
443 1938 479 1979 ac
492 1916 978 1979 tautisnobilitassetornamentia
1005 1916 1104 1979 Nam·
1218 1901 1226 1919 ⁹

150 2036 209 2098 quc
228 2016 382 2097 Tigranes,
399 2024 433 2077 ut
447 2015 524 2076 hanc
544 2016 674 2075 omnium
693 2012 822 2075 efficeret
841 2013 1104 2094 opulentissimam,

149 2112 322 2195 proceribus
342 2114 403 2173 suis
433 2122 467 2173 ut
492 2112 534 2171 ibi
563 2111 706 2173 haberant
735 2109 889 2171 domicilia
913 2120 1104 2191 praeeperat,

148 2210 263 2273 mulcta
280 2230 397 2292 quoque
415 2209 563 2290 imposita,
582 2216 616 2269 ut
635 2207 778 2289 quiequid
798 2208 991 2288 pretiosamm
1007 2226 1104 2269 rerum

149 2310 179 2369 in
201 2328 267 2369 mm
280 2309 382 2369 urbem
401 2326 459 2368 non
472 2307 690 2367 banstulissent
706 2305 918 2387 publicaretur.
959 2302 1036 2365 Huc
1052 2324 1104 2365 co·

148 2406 226 2466 actis
239 2403 425 2477 Grmcorum,
447 2403 687 2474 Adiabenorum,
704 2402 911 2484 Assyriorum,
922 2399 1103 2482 Gordyene-

114 2544 120 2559 .
146 2522 224 2573 rnm,
237 2522 314 2583 eque
328 2500 524 2584 Cappadocia
536 2511 567 2561 et
580 2499 692 2561 Cilicia
706 2498 808 2561 multis
820 2498 964 2571 millibus,
976 2518 1103 2579 quornm
1114 2510 1180 2562 Pina

147 2600 259 2683 patries
270 2619 329 2662 non
340 2599 430 2661 aliam
444 2597 536 2662 ferme
554 2599 593 2660 ob
608 2619 730 2660 causam
742 2596 908 2671 exciderat,
921 2617 1037 2658 murum
1049 2616 1101 2657 cu·
1114 2609 1265 2670 Diomxr.

146 2708 266 2760 raserat
274 2697 524 2760 exaedificandum
534 2697 699 2758 cubitorum
709 2694 1102 2780 quinquagintaaltitudiue,
1113 2707 1221 2775 Appi-u.

147 2799 179 2858 in
193 2800 281 2878 cujus
301 2795 415 2858 ambitu
433 2794 552 2856 stabula
572 2814 715 2876 equorum
737 2804 823 2856 erant
841 2795 994 2876 disposita.
1035 2792 1101 2854 Re·

146 2895 228 2975 giam
238 2915 357 2975 quoque
364 2895 525 2974 hortosque
537 2893 566 2952 in
577 2893 735 2963 suburbiis,
744 2892 930 2973 terarumque
937 2900 969 2952 et
975 2893 1102 2973 piscium

145 2993 272 3064 vinaria,
287 2993 415 3072 itemque
429 3009 526 3051 arcem
540 2989 672 3050 validam
680 2992 773 3069 J'uxts
785 2981 945 3050 struxerat.
1131 3035 1135 3044 .

188 3096 240 3150 40.
261 3087 374 3171 Neque
397 3087 587 3148 Mithridates
604 3087 687 3148 aliud
702 3107 791 3168 quarn
809 3087 892 3167 quod
911 3087 941 3146 in
959 3095 1101 3168 expecta·
1111 3105 1178 3156 1³1⁰„

145 3188 228 3246 tione
241 3185 389 3247 Lucullo⁸
402 3194 478 3258 erat,
492 3183 653 3246 metuebat.
695 3183 816 3244 Crebris
825 3203 896 3262 ergo
909 3183 1019 3244 nunbis
1032 3183 1100 3244 lite·

145 3283 245 3366 risque
271 3283 412 3344 monebat
430 3281 600 3361 Tigranem,
624 3289 680 3342 ‘ne
702 3281 733 3340 in
753 3279 912 3342 discrimen
932 3300 979 3340 res
995 3279 1100 3342 darete
1114 3297 1219 3363 Appius.

145 3389 261 3441 tautum
275 3379 450 3460 intercipere
463 3385 659 3440 commeatum
674 3377 834 3438 niteretur:
849 3397 939 3438 unam
946 3376 1025 3438 hanc
1036 3377 1101 3438 ric·
1112 3397 1178 3450 Prot.

144 3477 232 3540 toria
244 3478 335 3539 viam
376 3475 507 3537 collatis
526 3475 618 3553 siguis
636 3474 864 3556 insuperabilem
883 3475 967 3535 rim⁹
983 3473 1100 3536 Roma·

145 3593 216 3636 narn
228 3575 312 3636 esse.’
355 3571 471 3634 Eadem
484 3569 609 3634 Taxiles
620 3569 683 3632 dux
695 3570 891 3644 Mithridatis,
903 3572 957 3652 qui
970 3579 1034 3632 turn
1047 3569 1100 3630 Ti·

145 3673 232 3752 grani
245 3673 359 3744 aderat,
373 3671 531 3754 precipere
543 3689 602 3732 non
615 3668 780 3730 desinebat

186 3776 237 3832 41.
257 3769 400 3851 Tigranes
412 3769 452 3830 ab
464 3769 550 3829 initio
564 3767 718 3850 praebebat
730 3787 826 3830 aures.
858 3765 931 3838 Sed,
944 3774 1101 3847 postquam

144 3867 356 3930 Armeniorum
378 3865 665 3947 Gordyeuorumque
686 3873 794 3926 coacta
818 3863 980 3924 multitudo
1002 3862 1100 3932 affuit,

143 3965 352 4044 exercitusque
362 3982 531 4025 numerosos
542 3960 701 4021 Medorum
718 3959 1004 4039 Adiabenorumque
1016 3977 1100 4036 reges

144 4060 345 4130 adduxerunt,
360 4069 503 4141 praeterea
520 4079 539 4117 a
554 4056 723 4138 Babylonio
737 4057 811 4116 mari
826 4056 975 4125 Arabum,
987 4075 1009 4115 a
1021 4055 1098 4113 Cae

144 4161 196 4242 pio
221 4157 412 4220 Albanorum
435 4166 467 4218 et
487 4155 641 4217 Iberorum
664 4173 787 4233 magnus
808 4173 944 4213 numerus
965 4151 1097 4222 advenit,

358 4345 374 4389 'l
395 4341 513 4404 Oppidum
524 4339 586 4390 edd.
598 4347 658 4389 ante
670 4339 749 4388 Crev.
782 4301 786 4312 Ι

357 4411 373 4454 8
391 4403 487 4456 hasdi
496 4403 557 4454 edd.
570 4411 630 4454 ante
642 4405 718 4454 Creu.

355 4475 372 4520 9
389 4469 451 4521 Rern
462 4471 488 4520 in
501 4469 560 4522 edd.
577 4479 638 4522 sats
650 4471 728 4521 Cret.
745 4465 894 4520 eahibctnr.
