3300 5225
401 564 504 614 nrnnr
530 564 619 613 xcv.
640 562 965 615 sucrnnuuucuu.
1146 544 1235 610 4793

164 715 216 771 2³.
239 707 340 769 Duces
359 708 457 785 ejecto
473 707 504 767 in
525 714 632 767 terram
648 690 767 785 navigio
777 703 950 787 spelunccrn
961 704 1071 782 ingres·
1082 712 1233 765 Orsaei-a.

119 827 174 867 scs
191 805 274 869 male
283 814 420 865 taxarunt
433 803 563 867 latebrae.
604 804 733 864 Postera
744 802 793 863 die
806 822 875 863 curn
886 809 1071 882 caperentur,
1081 777 1191 844 Appiae.
1228 872 1232 883 Ι

122 902 302 983 Dionysius,
325 900 520 982 epote.quod
545 920 645 961 secum
666 897 797 961 habebat
822 919 949 970 veneno,
972 899 1095 980 statim

119 1000 313 1061 exanimatus
334 1006 388 1058 cst
439 995 646 1057 Alexandrum
669 995 812 1056 Lucullus
831 995 872 1056 ad
892 996 1074 1076 triumphum

119 1094 354 1157 semariroluit.
395 1093 567 1165 Nerius,
587 1094 660 1173 quia
674 1102 839 1153 senatorem
858 1092 1030 1153 Romanum
1041 1094 1072 1151 in
1133 1101 1136 1105 '

121 1192 274 1274 triumpho
286 1191 358 1252 duci
371 1190 418 1251 las
430 1211 487 1252 non
501 1198 576 1261 erat,
599 1198 665 1270 post
679 1188 875 1251 contumelias
892 1198 925 1249 et
945 1188 1074 1249 ludibria
1083 1206 1150 1257 Plus

120 1289 273 1372 supplicio
290 1288 415 1351 affectus
433 1297 488 1349 est.
530 1288 624 1355 Quod
643 1306 681 1347 ne
695 1286 821 1347 faciliori
836 1285 913 1347 forte
924 1288 1007 1346 exitu
1021 1306 1074 1347 an·
1086 1304 1154 1354 Plus.

121 1395 293 1473 terertereb
319 1385 462 1447 Lucullus
487 1386 558 1457 suia,
583 1406 621 1445 ne
646 1403 735 1465 quem
761 1379 876 1445 luscam
904 1384 1076 1446 occiderent
1086 1402 1157 1452 0102.

122 1487 249 1566 (cephis
273 1484 351 1545 enim
384 1483 478 1545 altare
509 1482 599 1545 oculo
632 1490 697 1543 erat
722 1480 848 1561 Varius)
881 1490 1074 1563 praeeperat.

123 1580 222 1643 Multi
245 1590 277 1644 et
296 1580 349 1643 alii
366 1582 593 1663 prescriptorum
612 1590 683 1641 tunc
702 1580 850 1641 interemti
871 1588 948 1639 sunt.
996 1579 1075 1640 Duae
1124 1578 1128 1583 ’

122 1688 158 1739 et
175 1680 298 1759 triginta
315 1696 407 1740 nares
432 1679 520 1758 regia
550 1698 618 1739 cum
647 1679 788 1739 meteriis
813 1678 1015 1758 compluribus
1038 1698 1076 1739 eo

122 1784 258 1857 tempore
276 1775 418 1837 demersas
438 1784 491 1835 aut
507 1784 604 1857 captae
621 1774 750 1835 fuerunt.

167 1880 220 1933 24.
241 1872 322 1933 Haec
345 1894 365 1934 a
387 1872 515 1935 Lucullo
537 1872 576 1934 ad
598 1881 731 1933 senahrm
754 1872 917 1954 perscripta
938 1892 1076 1952 magnam
1087 1865 1152 1943 ΜΨ
1185 1900 1194 1917 ·

123 1972 158 2031 in
178 1971 264 2031 Urbe
276 1969 410 2031 letitiam
430 1972 614 2035 excitanrnt:
636 1971 764 2031 maxime
776 1977 931 2051 postquam
939 1978 990 2030 est
1005 1990 1076 2050 ceg-
1088 1932 1231 2047 ffiffi,

124 2070 234 2140 nium,
257 2068 381 2129 classem
402 2058 628 2147 hostiumque
649 2066 762 2148 duplici
782 2066 883 2147 praelio
904 2065 1005 2127 delata
1024 2075 1131 2127 autP¹⁰
1139 2061 1237 2111 Mne.
1309 2098 1313 2111 ι

123 2173 220 2246 eapte
240 2164 346 2237 fuerat,
370 2166 426 2225 sub
445 2165 594 2227 acerrimis
613 2164 739 2225 ducibus
762 2163 886 2225 ltaliam
906 2172 1007 2245 petere
1022 2184 1075 2225 vo-
1088 2125 1240 2243 idmst&

124 2261 226 2323 luisse.
1118 2319 1122 2327 .

168 2364 220 2419 25.
249 2356 312 2419 His
336 2356 489 2428 conlectis,
513 2357 552 2417 ad
574 2356 784 2437 expellendum
809 2358 955 2440 Bithynis
978 2378 1075 2439 regem
1087 2369 1197 2436 Appirn.

126 2457 317 2537 properabat.
366 2454 462 2517 Hunc
480 2454 559 2515 enim
573 2453 722 2523 „credebat
743 2475 762 2515 a
783 2454 923 2516 Voconio
946 2458 1077 2529 attineri,
1089 2468 1155 2519 Pht.

126 2554 228 2634 legato
245 2573 309 2626 suo,
329 2573 417 2634 quern
436 2573 473 2614 ea
492 2552 588 2632 gratia
608 2552 765 2634 imperator
782 2554 973 2635 prrcrniserat.
1015 2552 1078 2616 Sed

127 2652 193 2724 ille,
220 2650 432 2712 Samothracen
460 2649 620 2732 proiectus,
646 2650 718 2711 dum
744 2652 1006 2732 superstitionibus
1024 2651 1080 2715 dat

126 2769 262 2832 operam,
282 2748 405 2828 diesque
424 2748 600 2828 caerimoniis
628 2757 660 2809 et
684 2748 829 2810 initiando
846 2752 928 2822 terit,
957 2751 1078 2812 Mithri·

127 2847 194 2908 dati
213 2848 378 2928 prebuerat
397 2845 557 2925 effugiendi
574 2846 710 2927 copiam:
732 2847 822 2926 quisi
839 2848 869 2907 in
884 2848 1077 2929 tempore‘al'·

127 2946 243 3016 suiset,
261 2943 365 3004 clauso
383 2944 472 3004 meria
488 2943 583 3015 exitrr,
599 2944 667 3025 capi
685 2943 877 3005 Mithridates
890 2943 1078 3006 Nicomedia

130 3042 283 3124 puniisset,

170 3147 222 3202 26.
244 3137 328 3200 Nam
349 3159 369 3200 a
389 3147 467 3199 terra
486 3139 564 3198 binis
581 3140 686 3199 castris
705 3139 914 3200 obsidebatur:
935 3142 1007 3220 quia
1030 3140 1077 3201 Μ.
1090 3153 1215 3204 Memnon.

130 3237 236 3308 coca,
258 3245 293 3297 ut
314 3245 468 3317 acceptum
486 3236 525 3298 ad
544 3235 765 3298 Chalcedonam
783 3237 915 3298 dedecus
936 3238 1079 3312 aboleret,

128 3336 202 3396 satis
215 3333 337 3415 impigre
352 3332 563 3395 Nicomediam
584 3345 764 3415 perrexerat,
786 3337 892 3397 castris
913 3335 953 3395 ad
973 3337 1078 3397 vicesi-
1170 3344 1173 3355 ’

129 3452 211 3494 mum
239 3429 301 3492 fere
325 3430 457 3513 lapidem
474 3432 514 3493 ab
534 3432 644 3514 oppido
670 3433 869 3504 communitis,
891 3453 1079 3516 repugnare
1152 3441 1157 3450 “

129 3538 235 3590 contra
245 3527 431 3590 commodum
443 3538 605 3608 cogeretur.
647 3527 763 3590 Eodem
779 3537 811 3590 et
821 3529 952 3592 Triarius
962 3551 1022 3592 non
1034 3534 1080 3592 in-

130 3627 242 3688 ritatus
254 3627 389 3688 occurrit.
417 3625 460 3686 Et
471 3627 544 3706 quia
555 3645 609 3686 rex
623 3626 699 3688 intra
710 3627 818 3688 moenia
831 3647 899 3688 suos
911 3627 1080 3700 reduxerat,

131 3724 170 3782 ab
183 3731 310 3803 utroque
323 3720 527 3783 Romanorum
548 3725 680 3784 exercitu
703 3725 946 3806 eoepitohsideri.
989 3725 1082 3792 Quod

130 3819 249 3880 interim
262 3817 447 3880 mediocriter
458 3819 564 3891 ferens,
576 3828 731 3902 postquam
741 3821 857 3900 gemina
869 3821 969 3881 navali
982 3843 1081 3903 pugna

130 3915 258 3976 clamem
280 3916 417 3976 amissam
434 3914 550 3988 didicit,
565 3916 693 3977 Lucullo
712 3926 923 3998 superventuro
945 3939 977 3978 se
999 3927 1081 3980 ratus

131 4011 287 4095 imperem,
300 4011 433 4074 Pontum
446 4021 545 4094 petere
558 4011 700 4074 classibus
717 4013 858 4074 decrevit
959 4077 964 4088 ,

170 4117 224 4174 27.
246 4108 285 4170 Iu
303 4109 362 4170 hoc
381 4110 485 4171 itinere
497 4109 595 4172 denuo
608 4119 669 4170 tam
682 4109 761 4172 freda
772 4110 1080 4192 tempestateconflic-
1092 4119 1146 4169 ln.
1155 4119 1222 4185 Epir.

133 4216 213 4268 tatus
234 4215 289 4277 est,
313 4215 347 4266 ut
369 4207 484 4268 navalis
506 4207 600 4288 prelii
617 4209 708 4270 instar
726 4216 814 4280 esset,
831 4207 1003 4290 duplicique
1023 4210 1080 4270 hac
1092 4216 1242 4268 riennes.
1330 4231 1337 4242 ·

133 4301 219 4364 clade
233 4303 425 4366 Mithridates
438 4307 520 4387 prius
532 4305 572 4368 ad
585 4304 723 4377 Parium,
739 4315 771 4366 et
789 4325 867 4367 nnnc
882 4306 961 4366 haud
979 4307 1081 4388 procul
1093 4281 1244 4400 ffiffl't

136 4399 301 4473 Heraclea,
323 4402 362 4462 ad
384 4401 488 4464 decem
508 4402 658 4466 homiuum
678 4401 783 4476 millia,
796 4411 979 4466 etrushataa
994 4424 1081 4467 sexa·
1094 4413 1183 4462 Miun·

196 4515 286 4580 Delph-
295 4525 321 4568 er
331 4515 391 4569 Ver.
402 4517 469 4569 ctu.
662 4517 756 4569 Lirin.
1109 4525 1140 4572 ll
1157 4523 1179 4572 F
