3300 5225
405 519 1048 578 uraninxxxrr.surrunuurrruu.
1196 510 1286 579 tout
1356 575 1360 587 ,
1461 582 1470 592 ,

169 665 258 728 Urba
268 666 439 729 efflabant:
459 667 513 730 sed
525 677 629 730 mnesta
642 669 741 730 omniu
748 678 954 752 suspectaque,
966 669 1057 731 tantu
1068 689 1123 730 un·

165 763 261 844 dique
273 765 383 826 irarum
396 753 588 848 odiorumque
600 767 708 839 oensis,
720 777 753 828 et
766 769 873 828 animis
882 777 913 828 et
925 766 1132 838 oculuuomu

167 879 243 920 num
263 863 478 928 ooourrebunt.
508 863 592 924 Inter
610 863 672 924 sliu
693 885 751 925 non
773 864 879 926 leviter
903 864 1035 927 eivitutis
1052 884 1123 925 oon·
1206 917 1212 938 ,

165 957 302 1018 cordium
316 958 488 1038 magnitudo
508 959 573 1020 uris
585 961 687 1033 alieni,
707 970 739 1021 et
750 959 901 1021 lobafaota
912 959 989 1021 tides
1000 981 1123 1022 oouous·

165 1063 260 1114 seret
302 1054 343 1116 Ei
356 1055 436 1116 mulo
448 1064 482 1116 ut
497 1055 657 1117 remedium
675 1057 805 1127 afferret,
818 1057 1016 1138 turpissimum
1028 1056 1124 1135 legem
1141 1071 1288 1125 Velinus,

167 1147 207 1210 1.
225 1149 353 1212 Flaccus
366 1153 468 1214 consul
478 1153 559 1224 tulit,
567 1152 731 1234 quadrante
737 1152 930 1213 oreditoribus
938 1153 1015 1214 solvi
1022 1155 1123 1233 jusso:
1152 1135 1212 1220 stult.
1221 1169 1278 1220 cet.

166 1253 204 1306 ut
212 1248 280 1326 jam
290 1249 405 1328 injurius
417 1249 607 1330 perfidioeque
620 1250 757 1332 publicus
769 1259 882 1322 uuotor,
895 1271 954 1310 non
968 1250 1126 1310 immeritas
1136 1239 1213 1351 w·

166 1363 273 1424 poenus
285 1345 405 1407 violetis
414 1348 563 1408 societatis
569 1349 706 1408 humunae
716 1349 843 1409 vinculis
851 1347 968 1408 dedisse
979 1347 1124 1418 rideatur,
1196 1336 1204 1353 ’

168 1441 268 1503 altero
287 1445 389 1504 statim
409 1465 488 1506 anuo
505 1466 524 1507 a
544 1445 581 1507 0.
597 1445 741 1518 Fimbria,
765 1445 865 1524 legato
884 1465 949 1517 suo,
962 1452 1066 1505 contre
1072 1445 1126 1523 jus

166 1539 277 1622 iusque
290 1541 469 1602 interemtus.

210 1644 263 1699 23.
285 1637 370 1700 Inter
383 1639 462 1702 mulo
474 1639 603 1700 civitatis
615 1641 706 1700 etium
717 1650 843 1700 monetae
851 1637 971 1699 fraudes
983 1639 1126 1720 patrimo·

167 1737 223 1796 niu
234 1737 415 1818 privatorum
430 1736 607 1798 afflixerunt
649 1736 696 1797 Iis
708 1747 743 1798 ut
755 1737 874 1798 obvium
891 1737 992 1807 iretur,
1004 1735 1043 1796 da
1056 1756 1125 1817 pro-

165 1833 279 1896 bandis
295 1834 424 1895 denariis
444 1837 610 1914 (octoginta
628 1846 757 1915 quatuor
768 1855 785 1894 e
797 1834 876 1894 libra
887 1834 997 1912 signori
1008 1836 1124 1913 justum
1153 1851 1218 1902 Ptin.

165 1933 266 2010 erat‘)
279 1931 388 1992 tribuni
400 1932 496 2014 plebis
508 1933 603 2011 legam
619 1931 842 2013 promulgaturi,
855 1941 949 1992 utres
961 1931 1126 1990 nummaria
1137 1921 1277 2034 ¹552?

165 2027 208 2088 da
223 2030 374 2089 oommuni
385 2030 533 2090 sententio
543 2031 781 2101 eonstitueretur,
793 2027 953 2107 collegium
967 2036 1125 2109 praetorurn
1137 2047 1187 2097 or,
1196 2066 1239 2100 m,
1247 2050 1290 2098 2⁰.

166 2124 378 2186 adhibuemut.
420 2125 482 2186 Sed
495 2125 624 2186 edictum
636 2127 829 2187 communiter
840 2125 1040 2206 oonsoriptum
1054 2123 1125 2184 Ma-

165 2222 231 2282 rius
245 2221 439 2282 Gratidianus
452 2232 570 2304 praetor,
593 2230 627 2283 ut
645 2243 761 2284 omnem
781 2221 886 2303 populi
903 2221 1034 2281 furorem
1051 2221 1081 2280 in
1094 2239 1126 2280 se

165 2327 329 2390 eveneretr
342 2321 449 2380 ceteris
467 2339 507 2378 ex
519 2319 682 2400 composito
695 2319 930 2401 pomeridianum
942 2325 1060 2398 tempus
1070 2335 1125 2376 ex·

166 2417 373 2496 peotuntibus,
385 2416 485 2476 statim
499 2415 677 2476 usubselliis
694 2416 734 2476 ad
751 2425 847 2476 rostru
866 2411 1057 2490 contendeus,
1070 2433 1125 2472 suo

167 2515 259 2574 unius
272 2515 389 2575 nomine
405 2515 567 2596 proposuit.
606 2513 763 2594 Tantaque
781 2513 856 2592 legis
867 2513 933 2590 ejus
945 2510 1043 2589 grstia
1054 2508 1125 2580 fuit,

166 2620 203 2673 nt
213 2634 270 2694 per
282 2609 384 2673 omnes'
394 2614 477 2673 riuus
489 2613 516 2673 ei
530 2620 651 2685 stutuae,
660 2621 691 2673 et
704 2612 743 2673 ed
755 2632 807 2673 eus
817 2612 885 2671 thus
897 2618 929 2669 et
940 2608 1018 2669 cerei
1032 2627 1124 2689 poue·
1136 2614 1288 2729 ffisuldee

1178 2716 1187 2742 ‚
1231 2714 1238 2727 ·
1281 2714 1291 2733 .

167 2720 284 2771 ΜΨ·
986 2724 992 2730 ’
1137 2743 1268 2794 curun.

208 2814 264 2868 24.
285 2806 372 2868 Cnaei
385 2828 503 2889 quoque
516 2808 667 2889 Pompeii,
681 2807 734 2888 qui
753 2812 858 2885 postea
872 2804 1002 2891 Magnus
1013 2809 1059 2863 est
1070 2821 1125 2883 ap-

166 2904 315 2985 pelletus,
323 2905 471 2986 judicium
484 2906 564 2967 idem
577 2924 673 2966 sunus
685 2904 798 2973 habuit.
830 2902 996 2962 Peoulatus
1007 2908 1073 2960 erat
1084 2899 1125 2959 ob
1138 2919 1205 2969 Ptot.

165 3001 251 3062 furtu
271 2984 426 3063 Sunbonis
445 3002 620 3083 postulatus,
639 3010 671 3061 et
689 3000 770 3081 quod
784 3000 814 3059 iu
828 2997 986 3058 Asculano
1002 2984 1292 3057 dormiamus&

167 3098 264 3160 libros
275 3108 309 3159 et
321 3098 425 3180 plagas
436 3099 603 3160 venatorias
611 3117 731 3158 munere
740 3098 834 3177 putris
842 3102 1007 3175 uooeperat.
1029 3091 1125 3152 Dixe-
1154 3110 1284 3163 ormam,

166 3206 239 3257 runt
258 3216 313 3278 pro
331 3196 480 3278 Pompeio
496 3196 538 3263 Q.
559 3194 748 3265 Hortensius,
772 3201 803 3253 et
821 3192 856 3252 1..
878 3191 1043 3272 Philippus
1059 3192 1125 3270 jam
1138 3182 1214 3297 {5¹22-

165 3312 275 3364 senex,
299 3300 356 3353 ‘se
374 3312 432 3353 uon
450 3292 608 3364 immerito,
625 3311 694 3353 oum
715 3291 755 3351 sit
766 3288 941 3369 Philippus,
955 3285 1126 3347 Alexandri

164 3389 336 3449 surdiosum
357 3390 435 3450 esse'
455 3388 615 3449 diotitunst
637 3386 717 3468 quod
733 3388 801 3466 jum
822 3385 854 3445 id
871 3404 978 3444 nomeu
994 3403 1014 3443 a
1026 3382 1127 3443 multis

166 3486 323 3568 Pompeio
342 3487 452 3568 imponi
472 3494 613 3568 ooeperut.
656 3483 730 3563 Egit
749 3491 781 3545 et
793 3503 848 3564 pru
859 3503 891 3542 sa
904 3480 1070 3561 Pompeius
1081 3480 1127 3539 ita

163 3594 383 3646 oonmanteret
395 3593 500 3665 prreter
522 3592 640 3645 statem
653 3582 779 3653 'diserta
800 3588 834 3641 ut
849 3586 1015 3641 commotus
1036 3595 1073 3636 eu
1094 3596 1125 3636 re

165 3692 279 3765 pretor
289 3682 450 3755 Antistius,
460 3682 511 3763 qui
519 3680 669 3763 judicium
678 3679 850 3748 exercebat,
860 3675 954 3737 filiam
964 3674 993 3735 ei
1000 3681 1124 3754 nuptum

198 3925 212 3951 θ
226 3916 360 3977 Octoginta
372 3922 473 3981 quotuor
481 3932 495 3967 r
503 3914 566 3966 libro
576 3915 627 3977 rig·
661 3908 922 3978 opinionerexorutir
930 3912 1066 3957 suetorum
1078 3918 1124 3954 vo·

163 3984 224 4031 suri
239 3981 336 4042 jamra
357 3982 421 4044 erut]
453 3982 497 4031 Sis
523 3982 627 4044 uiridem
663 3970 1123 4048 tarumtestimouilrooufirmpta,ex

165 4048 239 4111 apud
266 4046 377 4095 Plinium
401 4048 496 4110 iegitur
519 4061 551 4095 eo
573 4048 628 4094 loco
666 4060 717 4109 qim
734 4042 833 4093 danorii
846 4034 1122 4099 sexetuousgrntalu

163 4128 245 4176 quern
255 4125 347 4173 margo
357 4112 463 4162 iudicat.
479 4110 530 4161 Sed
541 4110 577 4160 ibi
586 4111 632 4159 slt-
667 4110 768 4169 librum,
779 4109 800 4156 ιὶ
813 4106 846 4156 sd
858 4103 966 4155 subtiler
978 4108 1006 4151 et
1017 4114 1123 4149 accura-

163 4178 238 4243 qnod
255 4190 314 4226 asse
329 4176 421 4226 vitium
439 4176 554 4236 videtur,
572 4190 631 4224 enm
668 4174 843 4225 terrationes
873 4184 927 4219 rem
955 4178 1122 4241 revocemur}

163 4244 225 4307 ipsu
235 4241 632 4304 multisaliiriuloeirlougesli·
668 4246 772 4289 centum
786 4246 874 4287 struem
891 4235 918 4283 in
937 4246 985 4281 usu
1003 4230 1123 4294 populun

164 4320 209 4358 ter
218 4316 348 4357 numeret.
366 4307 543 4373 Hoeoquideru
554 4306 633 4357 verbs
667 4310 845 4354 numeruntur.
871 4302 935 4349 Eum
948 4292 1122 4345 vidalinus

161 4388 218 4423 non
231 4373 385 4423 deterruere
393 4372 633 4424 Gronoviumsrus
668 4370 784 4422 Pecunia
793 4368 856 4417 Vst.
868 4380 892 4418 e.
901 4369 929 4414 u.
945 4362 1016 4412 cm.
1047 4431 1051 4436 ᾖ
