3300 5225
433 531 523 600 ⁴⁷26
911 549 946 597 r.
968 547 1067 598 urvrr

597 687 735 752 leudutus
756 699 802 750 est
823 691 864 751 sb
885 689 988 771 sliquo
1010 690 1195 762 disertorum,
1215 691 1287 772 quis
1312 691 1438 754 Fsustus
1460 695 1528 756 filius

516 813 520 826 ·
597 787 726 848 nondum
743 798 866 850 meturre
879 790 976 850 oetnfis
992 799 1066 850 eret.
1108 789 1143 849 L.
1162 789 1339 872 Philippum
1359 791 1429 852 buic
1444 793 1529 856 officio

388 885 397 896 “
449 889 508 940 salt.
519 888 584 941 Hist.
595 885 745 946 delectum
763 887 949 958 crediderim,
964 888 1015 967 qui
1034 895 1098 946 tum
1117 895 1206 947 etute
1222 896 1254 948 et
1272 887 1415 948 iucundis
1430 899 1530 951 ocutos

433 961 541 1086 mli-,22⁸
595 983 741 1044 unteibut.
784 983 905 1044 Deinde
921 983 1056 1045 sublatus
1074 993 1240 1044 senatorum
1257 984 1386 1046 humeris
1400 983 1490 1048 lectus
1503 990 1529 1048 in

594 1100 732 1163 campum
746 1079 892 1142 Martium
904 1082 1075 1163 deportctm
1086 1091 1142 1154 est,
1155 1083 1207 1143 ubi
1219 1082 1426 1144 tantummodo
1440 1103 1529 1163 regnu

594 1187 680 1240 erunt
694 1189 893 1239 monumenta.

635 1283 666 1336 Β.
688 1275 752 1336 Sub
774 1296 883 1337 nouum
903 1275 965 1336 diei
986 1275 1089 1336 borum
1111 1276 1143 1336 iu
1166 1275 1314 1357 Campum
1333 1286 1380 1336 est
1401 1283 1528 1337 ventum:

593 1373 666 1452 quis
683 1373 793 1433 nebule
811 1370 970 1444 matutine,
993 1393 1031 1432 ne
1049 1373 1175 1434 celerius
1194 1374 1320 1444 exirent,
1336 1371 1528 1454 plurisemetn

464 1481 478 1514 ¹¹
592 1477 742 1531 cunum
753 1468 863 1530 funeris
874 1468 1053 1543 turdeveret
1078 1469 1157 1530 Tum
1167 1469 1529 1550 impositusrogoest,cnu

592 1567 703 1646 ingenti
715 1568 746 1629 ri
759 1566 894 1640 odorum,
906 1587 982 1646 quos
998 1566 1074 1627 odeo
1089 1566 1206 1627 libersli
1217 1585 1306 1626 menn
1318 1575 1461 1626 metrone
1470 1587 1529 1626 ocu·

590 1663 732 1736 tulerunt,
746 1673 780 1724 ut
798 1673 905 1746 preter
922 1663 1051 1724 ducenta
1069 1662 1173 1724 decem
1191 1663 1315 1736 lercole,
1336 1664 1433 1745 Syllae
1451 1667 1530 1746 ipsius

590 1759 779 1822 simulacrum
797 1764 883 1841 justu
901 1759 1114 1839 megnitudine,
1133 1760 1279 1841 simulque
1302 1759 1418 1844 lictoris
1443 1763 1528 1841 imago

470 1929 476 1944 .
591 1855 669 1918 ficte
682 1856 843 1918 luerintex
855 1858 968 1939 optimo
980 1859 1065 1918 thure
1079 1865 1112 1917 et
1123 1858 1318 1918 cinnamomo.
1350 1857 1435 1918 Haec
1444 1860 1530 1918 omnis

430 1929 500 2044 12¹⁰·
507 1932 573 2050 (κῃ
591 1952 718 2015 flammis
729 1963 894 2016 comunes.
935 1953 1020 2016 Nsm
1031 1957 1155 2016 cremori
1166 1956 1278 2035 primus
1289 1976 1307 2015 e
1319 1957 1454 2036 patriciis
1465 1956 1530 2016 Cor·

446 2011 678 2114 eirilinsneliis
699 2051 845 2124 voluerut,
865 2071 934 2113 cum
955 2053 1022 2131 ejus
1043 2053 1138 2131 gentis
1159 2052 1266 2112 mortni
1284 2072 1401 2134 semper
1423 2053 1530 2113 intactis

430 2130 483 2240 llic
561 2221 567 2234 ¹
591 2149 658 2227 igue
678 2150 850 2230 corporibus
865 2159 944 2211 terre
959 2157 1134 2228 uguentur.
1178 2147 1271 2210 Ideo
1288 2148 1403 2210 facum
1424 2159 1529 2230 putent,

591 2247 663 2327 quis
675 2246 713 2307 0.
729 2247 821 2308 Merii
840 2245 1040 2327 reliquiss'sd
1063 2247 1213 2308 Anienem
1230 2247 1314 2318 situs,
1331 2257 1449 2308 mortuo
1466 2268 1528 2328 quo-

590 2363 649 2422 que
668 2343 868 2425 implacabilis
883 2345 985 2416 bostis,
1002 2345 1100 2425 spurgi
1119 2345 1149 2404 in
1165 2343 1274 2405 flumen
1288 2346 1438 2423 junerm
1459 2353 1488 2404 et
1499 2365 1528 2404 ne

589 2439 646 2499 sibi
667 2440 825 2514 accideret,
844 2440 924 2522 quod
945 2442 976 2502 in
996 2440 1122 2502 ultemm
1138 2441 1298 2512 statuisset,
1316 2441 1476 2501 metuebat

630 2543 660 2598 9.
684 2537 822 2600 Mortuus
836 2541 904 2619 jum
916 2538 1045 2610 Murius,
1057 2546 1189 2600 mortuus
1207 2537 1305 2621 Syllo,
1322 2539 1459 2600 civilium
1474 2538 1528 2598 bel·

591 2632 685 2697 lunum
711 2639 866 2700 revision
896 2638 988 2699 duces
1016 2647 1118 2698 erunt:
1139 2636 1192 2699 sed
1219 2638 1362 2698 rirebsut
1388 2636 1483 2697 udbuc
1503 2638 1527 2695 in

428 2740 579 2817 risurum.
591 2736 698 2795 animis
713 2738 903 2817 superstitum
920 2735 1086 2807 discordie,
1099 2743 1132 2796 et
1143 2734 1228 2796 velut
1239 2736 1279 2794 sb
1292 2735 1357 2816 ipso
1368 2734 1458 2814 bujus
1468 2754 1529 2813 rogo

429 2806 535 2873 ΑΨ·
590 2850 733 2905 nocensne,
750 2834 825 2895 inter
836 2834 991 2895 redeuutes
1002 2834 1042 2893 eb
1054 2834 1189 2913 exequiis
1198 2832 1333 2893 comules
1344 2834 1445 2892 stetim
1457 2852 1528 2893 scer·

490 2944 492 2953 ·
590 2930 637 2989 bis
655 2932 837 2995 sermonibus
852 2939 1033 2993 exarserunt.
1075 2929 1255 2990 Seditiosum
1268 2929 1376 3010 lepidi
1389 2930 1528 3007 ingenium

428 3016 562 3085 Lnupel.
591 3036 686 3087 metus
701 3028 883 3108 judiciorum
903 3027 1087 3099 stimulsbct,
1112 3034 1148 3087 ut
1171 3048 1218 3087 res
1239 3028 1353 3088 turbari
1375 3027 1465 3087 uelde
1483 3045 1529 3087 sns

443 3116 578 3194 radiosis
591 3122 727 3184 interesse
743 3124 906 3205 judicaret.
954 3124 1040 3185 Num
1059 3126 1101 3185 ob
1122 3124 1319 3205 exspolistsm
1345 3122 1490 3195 Sieilism,
1512 3144 1529 3183 s

381 3284 384 3289 .
407 3283 410 3293 ,
427 3180 559 3300 distel?
588 3222 705 3283 duobus
719 3221 864 3294 Metellis,
885 3222 991 3283 Celere
1004 3232 1037 3283 et
1049 3221 1184 3303 Nepote,
1198 3221 1315 3301 legibus
1330 3222 1528 3301 interrogetis,

587 3320 722 3398 quemvis
741 3319 799 3392 illi,
818 3322 859 3381 ob
880 3320 1006 3400 grstiem
1026 3322 1093 3400 ejus
1113 3319 1194 3401 spud
1214 3320 1356 3401 populum
1376 3321 1461 3392 victi,
1481 3318 1528 3379 de·

586 3417 733 3489 stiterunt,
746 3417 900 3478 absolutus
913 3426 1011 3479 tumen
1026 3438 1085 3478 nou
1096 3426 1171 3489 erut,
1184 3425 1217 3479 et
1227 3437 1265 3478 nc
1276 3417 1442 3497 aliquando
1450 3438 1528 3477 revo-

425 3506 488 3587 Γὲθῐ·
526 3574 532 3589 ,
586 3523 702 3575 caretur
715 3514 745 3575 iu
761 3514 911 3597 judicium
922 3516 1084 3577 metuebat.
1126 3514 1235 3596 Itaque
1249 3514 1375 3575 turbidis
1387 3515 1539 3585 concioni,

424 3573 552 3703 fflffl'
586 3610 653 3684 bus,
666 3612 760 3674 veluti
772 3613 909 3686 classico,
921 3614 1073 3675 concitum
1085 3614 1167 3695 inopi
1184 3612 1283 3695 plebe,
1302 3612 1429 3674 Itslieos
1445 3611 1527 3673 etism

424 3702 488 3771 Flu·
586 3710 712 3792 populos
723 3730 775 3792 spe
787 3710 1030 3772 restituendorum
1049 3731 1185 3792 agrorum
1199 3709 1390 3773 coneilinbet.
1431 3708 1529 3770 Senior

586 3828 655 3889 pers
667 3808 769 3891 populi
783 3807 873 3870 lecile
892 3810 1077 3891 providebat,
1092 3812 1116 3870 si
1135 3818 1205 3870 ectu
1225 3808 1319 3891 Syllte
1336 3806 1527 3869 rescinderen-

584 3913 644 3977 tur,
657 3906 870 3988 rempublicam
883 3918 1044 3989 utcumque
1056 3908 1259 3989 compositum,
1269 3906 1355 3967 noris
1362 3904 1529 3966 tumultibus

584 4001 730 4085 bellisque
743 4024 883 4066 ursurem.
925 4006 1128 4067 Movebeutur
1139 4016 1171 4066 et
1183 4004 1382 4087 prodigiorum
1395 4000 1529 4063 obscoenl·

584 4106 666 4161 tete:
688 4120 756 4181 quae
768 4102 856 4174 ister,
870 4122 979 4163 novum
995 4103 1071 4163 illud
1082 4112 1115 4163 et
1126 4104 1290 4163 inauditum
1303 4113 1402 4175 entes,
1416 4102 1443 4160 in
1455 4098 1525 4159 Ari·

423 4201 571 4257 Plinml.
584 4196 707 4256 minensi
729 4218 800 4279 egro
820 4202 852 4259 in
874 4200 949 4260 villu
968 4200 1097 4261 Gullerii
1118 4201 1250 4261 locutum
1270 4199 1382 4281 gullum
1404 4196 1526 4277 pullino-

584 4312 669 4353 ceum
685 4314 758 4353 esce.

420 4398 529 4468 Apum.
624 4394 674 4453 10.
703 4388 822 4454 ldcirco
844 4402 962 4455 senatus
986 4402 1143 4477 utrumque
1165 4392 1315 4456 considens
1332 4386 1523 4474 jurejurando
