3300 5225
380 552 471 623 ’4644
622 586 633 615 -.
872 574 909 624 r.
933 572 1029 623 nrvrr

384 728 538 779 vannat.
549 714 597 776 ius
616 716 771 799 quisquam
793 725 850 790 est,
869 725 992 799 totoque
1011 737 1090 779 suno
1105 718 1292 781 consulatum
1305 718 1408 781 Carbo
1416 705 1502 783 solus

384 793 438 843 Lis.
451 792 518 857 Epit.
551 817 653 896 gemit·

402 924 468 976 Plut.
475 924 540 992 Syll.
592 921 641 978 l'l.
663 913 783 975 Interea
795 912 885 995 sylla
896 914 1068 976 ordinandis
1080 914 1209 977 Grecis
1219 916 1306 977 rebus
1314 938 1366 999 per
1374 915 1503 977 Thessa-

387 993 504 1121 ‘ffiff‘sp
551 1012 621 1073 liam
634 1012 782 1083 incedens,
797 1022 916 1093 propter
926 1012 1071 1073 Archelai
1084 1015 1230 1085 morbum,
1244 1012 1368 1074 Larissae
1381 1034 1434 1095 per
1446 1013 1504 1073 ali-

388 1118 459 1195 Fuly.
506 1129 507 1132 ¹
551 1118 625 1189 quot
644 1109 707 1169 dies
723 1110 873 1171 substitit:
890 1112 1014 1191 ejusque
1035 1129 1094 1170 non
1114 1130 1199 1171 secus
1213 1112 1276 1190 egit
1292 1131 1403 1185 curam,
1423 1130 1460 1171 ac
1480 1112 1507 1171 si

388 1184 469 1233 ΠΜ·
552 1206 666 1285 legatus
678 1216 732 1267 aut
743 1206 862 1287 collega
873 1206 961 1268 foret.
993 1206 1085 1268 Unde
1098 1228 1229 1269 nrmores
1240 1209 1308 1281 orti,
1323 1228 1381 1268 non
1390 1209 1507 1289 optima

552 1302 612 1363 lide
632 1314 795 1385 pugnatum
811 1306 842 1365 iu
860 1305 981 1366 Boeotia
997 1325 1078 1373 esse3
1098 1306 1311 1386 praemiumque
1331 1306 1508 1386 proditionis

552 1396 609 1457 hoc
623 1396 777 1458 Archelao
788 1396 854 1458 dari
866 1418 874 1458 ε
888 1396 1138 1479 quemadmodum
1150 1418 1209 1459 nou
1228 1399 1289 1460 alia
1301 1399 1339 1459 de
1351 1419 1443 1459 causa
1458 1419 1509 1459 ne·

553 1503 638 1555 catus
650 1514 730 1555 unus
749 1496 880 1556 omnium
901 1495 1088 1556 Mithridatis
1105 1496 1266 1556 amicorum
1285 1496 1401 1557 Aristio
1419 1495 1509 1566 toret,

554 1592 680 1668 (ceteros
694 1594 773 1652 enim
791 1601 916 1675 accepta
935 1591 1030 1653 classe
1048 1590 1136 1674 Sylla
1154 1592 1331 1674 dimiserat)
1351 1592 1509 1654 Archelao

387 1706 500 1771 Appia.
553 1687 675 1751 discors.
727 1690 830 1749 Etiam
843 1688 1011 1771 appellatus
1022 1691 1062 1751 ab
1076 1690 1165 1771 Sylla
1177 1692 1274 1751 socius
1286 1699 1318 1751 et
1330 1692 1443 1750 amicus
1456 1712 1509 1771 po·

392 1772 459 1822 Plut.
555 1783 616 1866 puli
631 1784 762 1847 Romam
777 1785 959 1868 Cappadox,
978 1788 1108 1868 acceptis
1127 1780 1367 1870 insuperdecem
1380 1786 1512 1847 millibus

550 1884 688 1960 jugerum
699 1883 760 1961 agri
780 1882 920 1954 Euboici,
935 1884 966 1943 in
979 1884 1103 1944 eandem
1117 1885 1310 1965 suspicionem
1325 1884 1509 1944 trahebatur.

555 1978 634 2044 Quae
650 1977 738 2059 Sylla
751 1980 813 2060 ipse
827 1980 857 2039 in
869 1982 1088 2042 commentariis
1100 1981 1160 2042 suis
1173 1981 1269 2042 relata
1281 1980 1378 2042 diluit.

522 2073 526 2086 ’
597 2082 645 2135 lo.
667 2076 731 2136 Per
742 2074 927 2137 Thessaliam
938 2076 1046 2137 deinde
1059 2086 1092 2138 et
1108 2076 1318 2138 Macedoniam
1331 2077 1370 2138 ad
1385 2077 1513 2139 Helles-

556 2181 678 2252 pontum
698 2171 818 2234 ducenti
839 2182 1027 2235 occurrerunt
1045 2173 1137 2253 legati
1159 2172 1355 2243 Mithridatis,
1378 2183 1514 2235 ‘ceteras

556 2264 739 2327 conditiones
756 2266 882 2348 probare
905 2268 1021 2345 regem’
1041 2268 1221 2338 nuntiantes,
1244 2266 1315 2327 ‘sed
1336 2266 1514 2348 Paphlago-

559 2360 637 2422 niam
654 2364 810 2445 excipere:
832 2361 870 2422 de
890 2363 1016 2423 navibus
1035 2362 1125 2443 etiam
1147 2365 1321 2444 promissum
1339 2363 1412 2424 nihil
1432 2365 1513 2424 arbi-

559 2459 650 2521 trari.'
691 2458 885 2519 Addiderunt
896 2458 1016 2530 deinde,
1029 2467 1039 2495 ⁴
1050 2460 1193 2539 aequiores
1204 2481 1236 2520 se
1254 2459 1438 2521 conditiones
1458 2462 1516 2520 im-

561 2564 674 2638 petrare
689 2556 727 2618 ab
747 2556 841 2618 altero
854 2556 1029 2638 imperatore
1043 2554 1081 2617 (l.
1097 2556 1230 2618 Fimbria
1247 2556 1396 2638 potuisse!
1421 2555 1516 2638 ¹Hoc

560 2655 708 2736 praecipue
724 2654 807 2715 dicto
822 2644 1021 2716 exacerbatus
1040 2653 1140 2735 Sylla,
1161 2664 1212 2715 ‘et
1233 2653 1392 2715 Fimbriam
1412 2675 1517 2736 purnes

559 2753 717 2815 daturum'
738 2750 905 2834 respondit:
927 2759 978 2811 ‘et
989 2750 1076 2811 nmul
1094 2753 1125 2811 in
1144 2751 1253 2813 Asiam
1270 2754 1446 2833 trajecimet,
1461 2773 1516 2834 ap-

429 2891 463 2925 u.
561 2851 735 2934 pariturum,
749 2849 831 2910 bello
849 2870 887 2910 an
905 2869 980 2930 pace
998 2847 1189 2919 Mithridates
1206 2869 1282 2931 opus
1293 2850 1412 2912 habeat.
1454 2849 1517 2909 (lui

560 2950 640 3029 ego,'
659 2947 766 3028 inquit,
781 2947 826 3008 ‘si
840 2945 976 3007 dextram
989 2946 1183 3028 reliquissem,
1197 2969 1258 3028 qua
1266 2955 1313 3008 tot
1323 2948 1434 3008 civium
1447 2945 1517 3006 Ro-

561 3063 714 3106 manorum
735 3042 882 3105 interfecit
902 3043 1009 3116 millia,
1031 3043 1253 3125 procubiturum
1273 3043 1312 3104 ad
1334 3063 1432 3123 geum
1448 3063 1519 3103 mea

562 3142 743 3212 arbitrabar3
766 3139 875 3202 nedum
886 3149 919 3201 ut
931 3139 969 3201 de
982 3140 1204 3222 Paphlagonia,
1218 3142 1256 3202 de
1269 3141 1395 3203 navibus
1407 3143 1519 3221 neget!

563 3238 681 3317 Legatis
690 3238 729 3299 ad
739 3239 803 3298 brec
812 3238 1093 3311 obmutescentibus,
1102 3238 1256 3320 deprecari
1269 3238 1388 3319 Syllam
1397 3239 1518 3303 Arche·

563 3333 629 3394 laus
650 3335 752 3416 coepit,
772 3333 968 3415 dextramque
991 3335 1148 3416 amplexus
1167 3344 1277 3417 petere,
1300 3345 1356 3395 ‘ut
1369 3357 1401 3396 se
1419 3335 1458 3396 ad
1472 3357 1519 3398 ra·

449 3432 453 3450 ’
563 3449 629 3518 gem
643 3430 789 3511 proticisci
800 3431 918 3493 sineret.
953 3432 1074 3499 Quibus
1085 3430 1216 3492 dedisset
1228 3430 1343 3511 legibus
1355 3432 1518 3495 relaturum

564 3549 668 3610 pacem
680 3549 689 3599 ς
712 3537 764 3589 aut
775 3527 799 3589 si
811 3526 869 3588 hoc
882 3529 1039 3610 impetrare
1055 3527 1247 3609 nequivisset,
1262 3548 1316 3589 sua
1327 3530 1520 3612 semetipsum

565 3644 653 3687 mauu
666 3625 912 3685 interemtorum!

605 3729 655 3783 19.
678 3719 729 3782 Ita
741 3720 861 3781 dimisso
882 3719 1047 3791 Archelao,
1065 3719 1284 3801 expeditionem
1304 3721 1334 3780 in
1355 3717 1520 3780 Medeam

565 3820 715 3898 (Thracias
738 3819 819 3898 regio
838 3822 897 3897 est)
919 3817 1009 3897 Sylla
1029 3817 1119 3878 lecit:
1141 3837 1236 3898 eaque
1256 3816 1317 3877 late
1342 3825 1468 3887 ammte,
1486 3817 1521 3876 ia

566 3915 778 3976 Macedoniam
799 3923 846 3974 est
870 3934 1024 3994 regressus.
1074 3912 1169 3995 Apud
1196 3913 1357 3995 Philippos
1381 3920 1522 3991 agentem

565 4011 735 4076 Archelaus
756 4012 913 4073 convenit:
947 4011 1070 4071 ‘omnia
1093 4029 1133 4070 ex
1151 4010 1242 4070 animi
1267 4010 1416 4069 sententia
1437 4011 1524 4068 esse’

565 4109 720 4171 dictitans:
743 4117 752 4145 ⁴
767 4115 898 4168 ceterum
910 4104 1091 4186 colloquium
1110 4107 1176 4186 ejus
1196 4105 1286 4166 enixe
1302 4113 1442 4185 expetere
1456 4103 1523 4164 Μὶ-

567 4205 744 4267 thridatem!
768 4202 853 4264 Nam
866 4202 917 4262 ille
929 4201 1091 4263 Fimbriam
1099 4202 1180 4264 bello
1191 4203 1331 4273 ferocem,
1344 4202 1440 4281 pactis
1453 4201 1534 4264 ἰιιῆ-Δ

568 4301 638 4366 dum
651 4310 794 4371 metuens,
808 4298 903 4379 Syllae
917 4299 1079 4359 amicitiam
1091 4301 1228 4380 optabat.

403 4427 512 4494 Appia
609 4407 660 4460 20.
684 4398 779 4479 igitur
799 4396 899 4479 Sylla,
923 4417 975 4479 per
994 4395 1153 4458 Thraciam
1179 4397 1219 4457 ad
1236 4395 1371 4478 Cypsela
1392 4399 1524 4458 cneci
