3300 5225
376 568 482 618 nrum
509 567 696 618 uxxxvrr.
719 567 1048 618 suurusuunrurr.
1176 549 1264 622 rust

147 713 332 794 Crassusque
346 710 600 773 Carbonianorum
614 713 672 772 tria
689 710 785 772 millia
802 710 1007 782 conciderunt,
1027 709 1103 771 Car·

144 814 311 893 rinatisque
324 819 422 873 costra
431 809 691 872 circumsederunt.

187 917 240 971 18.
262 908 347 969 Inter
355 908 420 970 hare
433 905 522 988 Sylla
536 905 709 988 Carboque,
722 905 824 988 capita
834 903 1009 976 factionum,
1022 903 1103 987 apud

146 1006 286 1069 Clusium
301 1007 340 1067 ab
353 1007 465 1092 oriente
482 1003 532 1068 die
552 1003 590 1065 ad
608 1003 793 1066 occidentem
811 1003 969 1064 commisso
985 1003 1102 1085 praelio,

145 1113 254 1166 neutro
266 1103 428 1164 inclinante
441 1101 578 1174 victoria,
592 1101 779 1162 tenebrarum
794 1108 972 1181 superventu
985 1101 1105 1161 diremti

145 1209 230 1261 sunt.
272 1199 374 1260 Carbo
387 1198 496 1259 deinde
510 1199 614 1280 copias
626 1217 747 1277 magnas
765 1195 803 1258 ad
821 1195 1011 1258 eximendum
1025 1198 1103 1258 obsi·

145 1297 238 1358 dione
253 1295 440 1358 Carrinatem
462 1295 561 1364 misit;
583 1294 692 1376 quibus
712 1292 829 1354 insidiae
849 1314 869 1353 a
884 1291 974 1374 Sylla
988 1295 1104 1376 positae,

146 1403 180 1454 et
201 1392 240 1454 ad
257 1394 316 1455 duo
333 1393 430 1456 millia
447 1394 595 1454 interemti
613 1399 690 1454 sunt.
733 1391 886 1464 Carrinas,
899 1391 1009 1452 fedam
1021 1401 1105 1453 tene-

145 1491 210 1550 bris
221 1500 253 1551 et
265 1491 368 1572 pluria
381 1498 498 1552 noctem
510 1496 626 1560 nactus,
636 1509 675 1548 ex
686 1488 760 1548 loeis
770 1488 880 1570 iniquis
887 1491 1051 1549 exercitum
1065 1488 1105 1550 ad

145 1589 262 1648 tutiora
277 1586 420 1648 deduxit:
441 1587 536 1666 magis
544 1583 799 1646 dimimulantibus
812 1604 903 1665 quam
915 1586 1024 1664 ignaris
1036 1585 1105 1646 hos·

146 1684 240 1756 tubus,
253 1683 334 1766 quod
352 1685 429 1745 inter
440 1703 523 1744 caeca
535 1683 724 1744 tenebrarum
737 1690 768 1741 et
782 1681 966 1763 tempestatis
978 1681 1019 1742 ad
1030 1702 1106 1763 prse-

144 1779 180 1840 lii
192 1781 327 1842 laborem
339 1781 496 1862 oleamque
508 1779 625 1861 prodire
639 1779 770 1862 pigebat.

192 1885 243 1938 19.
263 1878 344 1940 Post
355 1879 420 1938 baec
434 1876 536 1939 Carbo
550 1876 588 1937 sd
603 1875 789 1938 liberandum
799 1866 968 1946 Praeneste,
979 1875 1032 1935 ubi
1043 1873 1107 1936 col-

148 1973 249 2053 legam
262 1975 340 2037 lame
353 1974 448 2057 premi
461 1981 654 2054 compererat,
675 1973 825 2034 Marcium
841 1993 910 2034 cum
927 1980 996 2033 octo
1016 1971 1108 2051 legio-

147 2073 238 2131 nibus
260 2072 350 2132 misit.
398 2071 461 2132 Eas
482 2071 612 2150 angustis
634 2069 710 2130 locis
730 2069 845 2130 iusidiae
869 2070 1011 2151 Pompeii
1038 2090 1108 2131 cum

147 2169 348 2250 excepissent,
374 2167 446 2249 luga
471 2178 641 2248 stragesque
667 2167 750 2229 faeta
770 2176 826 2240 est,
851 2177 882 2228 et
904 2168 934 2228 iu
961 2167 1108 2228 tumulum
1159 2233 1163 2238 ,

147 2265 302 2346 quendam
313 2264 394 2348 quod
407 2274 542 2326 evaserat
554 2267 708 2344 rejectum.
751 2263 897 2336 Marcius,
918 2285 977 2325 nou
990 2265 1108 2326 extiuo-

147 2363 189 2422 tis
206 2363 334 2442 ignibus,
349 2383 387 2424 ue
406 2361 561 2424 consilium
578 2361 760 2444 proderetur,
780 2360 819 2424 ed
833 2361 1015 2434 Carbonem,
1028 2371 1062 2422 ut
1077 2383 1109 2424 re

146 2457 317 2540 desperata,
337 2459 519 2539 refugiebat:
541 2458 594 2519 sed
615 2457 734 2541 prodita
754 2479 797 2531 re,
815 2457 964 2520 seditiosis
982 2459 1109 2520 militum

148 2555 276 2619 vocibus
291 2559 432 2639 agitatus,
453 2565 615 2639 auctorque
636 2555 806 2619 insidiarum
820 2577 896 2639 quas
915 2565 1014 2617 essent
1030 2557 1109 2640 passi

147 2656 322 2737 appellatus
339 2666 393 2717 est.
435 2654 542 2735 quue
561 2654 683 2716 taudem
703 2656 811 2717 irarum
830 2666 962 2727 ventum,
979 2664 1023 2727 ut,
1036 2676 1109 2716 con-

147 2752 244 2814 rulsis
261 2754 362 2833 siguis,
380 2774 448 2836 pars
468 2754 639 2815 Ariminum
657 2762 782 2835 peteret,
803 2754 856 2815 alii
877 2754 986 2835 passim
1006 2752 1110 2839 domos

146 2848 370 2911 dilaberentur:
392 2870 487 2931 neque
507 2849 547 2912 ad
563 2870 708 2911 summam
725 2849 793 2932 plus
810 2861 923 2933 septem
939 2850 1110 2913 cohortibus

148 2947 230 3029 apud
242 2946 350 3009 ducem
362 2957 578 3029 permanerent.

187 3040 242 3104 20.
266 3043 356 3105 Irrita
371 3042 481 3105 Marcii
500 3042 654 3127 expeditio
676 3044 723 3107 M.
738 3042 949 3125 Lamponium,
962 3043 1109 3105 Pontium

147 3140 332 3213 Telesinam,
347 3140 475 3202 Guttam
488 3140 678 3231 Capuanum,
698 3141 824 3203 Italicos
845 3139 938 3200 duces
959 3140 1187 3211 accendit,1³lut

148 3250 183 3298 nt
196 3258 233 3299 eo
246 3240 391 3321 promtius
403 3239 443 3299 ad
462 3239 605 3299 auxilium
626 3239 719 3300 Marii
737 3246 954 3299 concurrerent.
997 3236 1108 3319 Neque
1121 3254 1229 3320 Appias.

147 3336 323 3417 sperueudae
335 3336 382 3397 bis
394 3336 482 3409 vires,
497 3336 685 3418 septuaginta
699 3336 796 3399 millia
809 3345 1001 3407 armatorum,
1013 3346 1108 3397 erant

149 3429 212 3492 Sed
239 3433 293 3492 ubi
319 3434 373 3493 bos
399 3432 562 3495 adventare
589 3432 678 3515 Sylla
710 3434 865 3514 coguovit,
892 3434 1001 3513 quibus
1036 3432 1111 3496 loeis

148 3530 282 3590 maxime
307 3538 391 3591 arcta
415 3539 484 3590 suut
508 3530 624 3603 itinera,
651 3540 682 3591 et
707 3530 873 3593 necessario
898 3529 1110 3591 transeundum

146 3624 285 3687 bostibus
307 3634 383 3699 erat,
406 3634 506 3688 castra
528 3636 667 3701 metatus,
685 3627 794 3689 frustra
812 3636 978 3711 querentes
995 3628 1111 3689 aditum

147 3724 289 3785 exclusit.
330 3723 465 3786 Proinde
490 3724 619 3795 Murius,
635 3724 748 3787 nullam
767 3726 824 3785 uisi
843 3725 874 3785 iu
892 3744 924 3785 se
944 3725 1010 3805 ipso
1026 3746 1109 3807 spem

148 3820 298 3903 reliquam
311 3820 425 3895 ridens,
440 3822 516 3882 inter
531 3821 674 3905 oppidum
694 3832 726 3883 et
745 3842 839 3903 opera
858 3820 952 3903 Syllae
967 3823 1110 3903 (spatium

147 3918 229 3977 enim
241 3918 314 3977 satis
327 3936 468 3997 maguum
482 3918 635 3997 intererat)
650 3917 807 3981 castellum
820 3918 980 3989 exstruxit,
995 3916 1111 3995 machi-¹

148 4014 256 4095 uisque
270 4022 302 4073 et
314 4014 407 4095 copiis
420 4014 462 4073 ibi
474 4013 641 4087 collocatis,
662 4016 848 4096 eruptionem
867 4016 1005 4075 tentavit.
1048 4014 1110 4075 Sed

149 4128 217 4169 cum
241 4130 295 4191 per
313 4110 480 4192 complures
508 4109 574 4171 dies
599 4110 797 4192 nequicquam
817 4132 850 4172 se
868 4110 1034 4191 fatigasset,
1058 4131 1109 4173 ac·
1122 4116 1258 4184 naum.

149 4216 287 4269 currente
301 4206 413 4289 Sylla,l
428 4208 506 4269 intra
520 4207 672 4269 Praeneste
686 4209 819 4291 repulsus
832 4218 886 4271 est.
1124 4216 1230 4281 Appias.

181 4370 354 4424 *Ammo
364 4372 446 4439 Sylla]
471 4376 542 4439 Sylla
554 4376 612 4440 qul·
647 4374 700 4425 Sed
713 4382 799 4425 ntrurn
818 4376 885 4438 lpse,
897 4389 929 4424 au
941 4388 990 4439 per
1007 4375 1110 4438 legatos

152 4434 210 4485 dem
222 4438 249 4487 in
261 4440 384 4503 Epitorue
395 4440 508 4490 Marium
526 4446 612 4491 arumss
648 4440 675 4491 id
686 4441 808 4505 gesserit,
826 4440 932 4491 videtur
950 4441 1025 4494 uobis
1035 4440 1109 4494 dubi·

153 4508 260 4566 pentem
279 4504 416 4571 'repulisse
445 4514 612 4559 memoratur.
649 4506 700 4556 tart
713 4522 798 4573 posse.
817 4506 889 4557 Cres.
