3300 5225
350 608 453 661 crans
480 608 624 658 cxxxi.
648 608 975 659 sunrunnsnuun.
1136 590 1223 659 4601
1251 666 1255 678 .

124 772 186 825 rem,
198 752 336 814 rilimimo
346 752 555 833 teterrimoque
572 750 722 811 bominum
743 750 842 829 generi
859 750 982 821 servire,
1002 767 1065 831 quo·

123 850 228 932 optimis
239 850 404 931 quibusque
416 848 663 929 nobilissimisque
675 846 862 909 dominetur.'

157 954 202 1009 10.
223 947 362 1007 Ceterum
384 945 482 1027 Sylla,
496 946 638 1025 neglectis
651 944 857 1007 Graeculorum
869 946 1008 1025 querelis,
1022 944 1062 1007 ad
1091 948 1154 1001 Phr.
1165 952 1214 1005 Le·

123 1052 285 1122 quaterem
307 1043 342 1104 L.
365 1042 523 1105 Lucullum
543 1064 643 1105 sacros
664 1044 816 1103 thesarnos
837 1044 929 1115 misit,
940 1046 990 1104 cui
1009 1064 1061 1103 cu·
1074 1017 1132 1064 ⁰⁰¹¹·

124 1139 215 1199 dende
239 1142 269 1200 in
296 1139 506 1222 Peloponneso
531 1148 655 1201 monetae
681 1142 803 1219 negotiu
859 1140 1060 1221 imposuerat:

125 1238 177 1317 ipse
189 1232 395 1319 redigendis'iu
408 1246 585 1320 potestatem
598 1237 729 1299 Athenis
740 1138 858 1321 omuga
875 1239 967 1297 animi
978 1239 1062 1317 cogi-

125 1335 250 1397 tationem
275 1334 457 1396 intendebat.
499 1333 671 1396 Gloriosam
693 1336 850 1395 victoriam
875 1345 961 1396 vetus
983 1335 1064 1394 urbis
1075 1346 1210 1414 lesytl.

55 1436 58 1449 ·
125 1428 317 1493 lacturaiama
329 1442 409 1503 erst3
432 1430 548 1504 utilem,
563 1431 695 1493 locorum
716 1430 755 1491 ad
775 1432 876 1491 omnia
892 1433 1063 1513 opportuni·
1117 1486 1125 1495 .

125 1534 172 1585 tes.
209 1527 304 1609 Super
316 1530 381 1589 baec
396 1528 555 1590 Aristionis
568 1528 708 1599 uecordia
721 1526 940 1600 stimulabatur,
954 1529 1062 1609 impor-

124 1625 252 1685 tunissimi
264 1633 296 1686 et
309 1625 516 1706 improbissimi
535 1645 654 1697 scurrae,
669 1625 721 1705 qui
740 1625 959 1686 continentibus
977 1620 1066 1685 dictis

125 1719 150 1777 in
172 1720 271 1801 ipsum,
295 1732 350 1783 aut
375 1721 544 1794 Metellum,
567 1742 636 1802 quse
660 1721 852 1802 impudicitia
874 1722 1063 1800 arguebatur,
1093 1739 1201 1801 Hier.iq

126 1816 279 1881 iracundum
303 1820 434 1880 animum
455 1821 530 1881 mira
551 1819 691 1881 vindicte
710 1819 877 1901 cupiditate
899 1805 1231 1881 inflamma-imm·

126 1915 179 1975 brt.

160 2018 203 2074 ll.
224 2011 364 2074 Ceterum
383 2016 487 2076 urbem
505 2012 585 2074 lame
603 2032 706 2093 urgere
729 2014 802 2074 satis
820 2014 925 2076 viarum.
967 2012 1064 2073 Pine-
1077 2020 1142 2072 Flos.

126 2126 181 2167 eum
198 2130 262 2191 spes
282 2109 368 2171 nulla
382 2108 532 2191 capiendi,
546 2110 602 2171 uisi
616 2130 669 2191 per
690 2128 782 2185 arma,
798 2121 961 2193 supererat.
1003 2110 1065 2172 Sed
1081 2117 1186 2195 Appisn.

126 2204 179 2265 hec
202 2216 298 2267 tamen
327 2207 494 2289 proditione
514 2208 710 2289 juvabantur.
753 2207 825 2269 Duo
851 2210 929 2271 servi
954 2210 1065 2281 Attici,
1078 2183 1192 2233 ”im

126 2304 252 2385 quicquid
272 2306 302 2365 in
324 2303 437 2387 oppido
456 2303 560 2376 fiebat,
578 2304 737 2385 glandibus
757 2306 906 2388 plumbeis
925 2308 1066 2368 inscribe·

126 2401 196 2462 bunt.
235 2402 296 2462 Eas
308 2402 417 2463 deinde
430 2402 555 2482 glandes
571 2402 672 2464 lundis
690 2403 918 2482 ejaculsbautur
938 2404 978 2465 ad
998 2404 1065 2465 Ro-

127 2516 222 2559 menos.
262 2498 301 2561 Id
323 2500 376 2560 ubi
398 2501 507 2582 sapim
528 2498 592 2561 fieri
612 2500 651 2561 sd
672 2499 789 2582 Syllam
809 2500 948 2573 relatum,
961 2501 1014 2562 ille
1034 2523 1066 2563 re

126 2594 304 2668 considerata,
328 2618 399 2658 cum
420 2616 536 2679 semper
557 2606 698 2660 eventum
723 2597 899 2680 respondere
925 2598 1067 2660 nuntiatis

126 2696 309 2775 comperisset,
323 2694 483 2774 diligenter
495 2695 597 2773 colligi
611 2695 735 2776 glandes
747 2696 870 2756 emissas
882 2704 914 2756 et
926 2694 965 2756 ad
976 2717 1007 2757 se
1020 2717 1066 2756 re-

128 2789 185 2850 leni
201 2793 295 2870 jussit.
340 2791 431 2852 Unde
455 2811 523 2852 cum
545 2793 708 2874 aliquando
728 2792 879 2854 decretam
901 2794 931 2852 in
952 2803 1065 2855 certum

127 2895 227 2968 tenpus
245 2889 429 2971 eruptionem
442 2889 607 2963 didicisset,
630 2889 751 2951 insidias
770 2892 918 2971 erupturis
937 2891 1064 2959 struxit;

129 2983 268 3066 multisque
290 2986 464 3058 interfectis,
487 2985 556 3048 aliis
579 2987 610 3047 in
631 3007 710 3048 mere
732 2987 905 3068 compulsis,
927 3007 1066 3066 magnum

128 3081 234 3144 obsemis
244 3083 465 3156 detrimentum,
479 3093 510 3144 et
522 3083 591 3195 glus
603 3085 757 3166 aliquanto
769 3086 891 3146 terroris
902 3084 1012 3145 intulit.

160 3185 203 3240 lt.
223 3181 386 3243 Crescebat
406 3181 518 3242 interea
537 3181 682 3242 rudeiesso
701 3181 803 3242 labore
823 3182 951 3244 militum
964 3203 1065 3262 agger,

128 3293 183 3336 cum
196 3277 361 3340 Archelaus
382 3299 422 3339 ex
442 3279 560 3340 diverso
582 3288 677 3340 turres
696 3281 851 3360 opposuit,
866 3278 944 3340 unde
964 3283 1064 3359 cujus-

128 3376 247 3450 quemodi
261 3376 386 3437 missilia
397 3376 458 3437 late
471 3387 687 3458 spargerentur.
729 3377 850 3438 Accitis
862 3376 982 3465 deinde,
995 3398 1065 3457 quae

129 3467 256 3532 Chalcide
279 3483 311 3534 et
337 3493 391 3555 per
414 3471 545 3555 reliquas
568 3472 683 3534 insulas
705 3473 847 3552 agebant,
867 3473 973 3554 copiis,
996 3493 1064 3532 eum

129 3567 204 3626 etiam
223 3571 345 3649 remiges
366 3579 517 3641 mmasset,
541 3591 662 3632 numero
686 3569 807 3651 quidem
829 3571 957 3631 militum
979 3571 1066 3649 longe

129 3667 260 3743 superavit
271 3665 403 3747 Syllam,
412 3685 480 3728 cum
493 3667 584 3728 etiam
598 3687 618 3727 a
630 3667 775 3750 principio
788 3669 916 3748 majores
928 3667 1065 3748 aliquan-

129 3765 154 3816 tu
170 3764 262 3842 copias
282 3765 444 3826 habuisset.
485 3763 616 3837 ldcirco,
631 3766 750 3826 minime
771 3773 853 3825 ratus
872 3765 1067 3837 contendum,

130 3863 247 3936 proxima
269 3873 338 3944 post
363 3871 517 3944 acceptum
544 3861 778 3944 supplementum
809 3871 909 3934 nocte,
935 3861 1066 3922 validam

129 3960 291 4036 emptionem
312 3961 343 4020 in
368 3981 459 4042 opera
481 3959 687 4022 Romanorum
711 3959 793 4021 iecit.
837 3960 929 4021 Circa
947 3959 1066 4020 tertiam

130 4053 254 4131 vigiliam,
267 4079 336 4119 cunr
355 4057 472 4118 lacibus
489 4059 648 4139 improvisa
665 4059 755 4126 turba
775 4057 927 4129 exsiliens,
941 4055 1066 4117 alteram

130 4151 290 4214 modinum
313 4167 345 4217 et
366 4153 509 4236 quiequid
522 4156 551 4215 in
566 4175 604 4214 ea
618 4155 819 4216 machinarum
840 4155 952 4225 stabat,
965 4154 1066 4214 incen-

130 4242 180 4306 dit:
200 4268 290 4332 neque
313 4253 412 4334 potuit
431 4249 563 4312 delendi.
605 4250 666 4312 Sed
686 4253 764 4312 intra
776 4251 945 4333 proximum
956 4249 1065 4310 decen-

131 4339 198 4406 dium
209 4347 464 4410 aliudexeitatum
477 4347 581 4408 eodem
596 4346 662 4408 loco
676 4369 751 4430 opus
767 4348 860 4408 stetit.
1095 4382 1179 4433 pm
1262 4407 1266 4416 ,
1306 4389 1317 4402 .

164 4447 205 4502 1³.
215 4443 310 4526 'Sylla
322 4446 450 4526 ignavie
463 4464 581 4506 suomm
595 4446 697 4517 iratus,
710 4445 861 4507 cohortem
874 4451 905 4503 et
918 4440 1065 4504 centurio·
1077 4448 1149 4498 scat
1158 4465 1197 4499 ιν.
1205 4454 1229 4501 ι.

77 4589 79 4596 -
184 4555 265 4618 liciat.
279 4568 304 4614 rt
318 4561 377 4613 Ver.
389 4561 454 4614 cm.
624 4561 719 4613 Liuius.
1090 4561 1121 4609 lt
1139 4556 1163 4606 li
