3300 5225
376 589 482 644 arant
507 591 681 646 axxvru.
702 591 1032 646 surranunnruu.
1173 577 1263 647 6655

136 757 178 801 aa
198 754 253 820 per
278 747 395 802 noctem
420 741 537 822 aliquid
563 741 719 828 auderent,
742 741 971 802 absterruerunt.
1015 737 1099 800 Luca

136 836 208 897 dein
230 847 310 909 orta,
334 847 370 898 ut
390 840 523 900 bominac
542 859 603 900 noa
624 838 664 899 ad
687 836 833 920 pralium,
854 837 906 898 aad
926 835 966 898 ad
986 835 1099 906 ίιιηυιη

137 935 237 994 aoctia
246 955 391 1014 agrem
405 936 486 998 baud
499 955 609 1016 magna
620 935 700 998 mola
712 942 942 996 mmmoveruot.

178 1035 233 1090 26.
253 1030 310 1091 Ad
323 1031 415 1092 Inidia
427 1041 528 1094 umen
547 1033 650 1092 ianam
662 1029 743 1092 baud
755 1030 914 1090 mediocria
926 1029 1027 1090 illatus
1038 1036 1100 1088 ter-

137 1136 256 1196 rorest,
270 1130 322 1189 ubi
335 1129 508 1190 cambucam
519 1129 638 1190 duobua
654 1128 783 1206 navigiis
797 1128 912 1206 junctio
931 1127 1098 1208 impositam

139 1221 335 1286 Mithridaten
355 1225 554 1306 applicuerat,
570 1235 603 1286 et
621 1227 662 1288 ab
681 1226 794 1305 ingenti
814 1225 952 1286 machina
970 1223 1099 1304 plurima

135 1321 227 1382 aimul
245 1320 309 1382 tela
327 1322 489 1404 butaaque
507 1323 569 1384 late
586 1325 756 1405 spargebat,
776 1331 808 1381 et
825 1321 948 1382 arietem
968 1321 1037 1382 inde
1060 1319 1100 1380 ad

136 1417 286 1498 pulsanda
317 1420 425 1480 moeuia
457 1420 647 1482 admovebat.
691 1419 789 1480 Juxta
822 1419 961 1500 frequens
993 1439 1099 1478 mantra

135 1534 205 1574 cum
229 1514 332 1574 multia
355 1516 474 1597 aoapbia
499 1516 616 1588 aderat,
638 1515 736 1577 acalaa
757 1516 866 1589 larena,
890 1524 922 1576 et
944 1535 1099 1596 oppugna·

134 1610 210 1670 tioni
233 1619 350 1691 parata.
391 1611 588 1674 Reeirtebant
604 1623 704 1673 tamen
719 1614 837 1691 egregie
860 1611 987 1682 Rhodii,
1001 1631 1099 1691 neque

136 1706 294 1768 laboribus
312 1719 366 1771 aut
386 1711 520 1790 periculo
538 1709 758 1790 fatigabamur:
780 1709 876 1771 donec
890 1708 1100 1778 Mithridatem

135 1805 237 1883 major
247 1806 295 1870 ria
308 1808 432 1869 amovit.
473 1806 560 1868 Nam
572 1817 604 1868 et
617 1806 760 1867 cambuca
778 1825 841 1887 prae
854 1803 984 1886 pondere
997 1805 1099 1866 snbre-

134 1900 194 1972 dit,
216 1911 250 1963 et
271 1901 363 1966 Inidia
381 1905 521 1986 apparuit
536 1905 662 1986 species,
675 1903 829 1984 copiosum
842 1903 952 1982 ignem,
967 1901 1100 1962 fulminis
1111 1921 1231 1974 laboti.

137 1999 169 2061 ia
181 1999 320 2072 modum
332 2003 430 2062 eidem
443 2003 591 2064 macbinre
602 2001 774 2063 immittens.

175 2103 230 2164 27·
252 2097 430 2160 Postremus
453 2099 503 2160 bio
529 2099 687 2160 adversum
712 2096 852 2158 Rhodion
876 2106 1001 2161 conatus
1023 2097 1099 2176 regia
1111 2121 1221 2188 Appiana.

135 2193 207 2256 luit.
251 2194 373 2257 Frustra
390 2196 513 2258 videbat
529 2217 651 2278 operam
668 2197 830 2278 copiaeque
843 2204 875 2256 et
886 2203 1002 2276 tempus
1014 2195 1099 2277 perdi

136 2289 176 2350 ad
190 2289 390 2355 fimtainam
402 2293 517 2364 urbem,
529 2313 598 2374 quae
616 2301 755 2375 portuum
773 2311 982 2372 murorumque
1003 2293 1099 2352 muni·
1128 2300 1265 2350 strabun.

135 2388 257 2458 uento,
275 2388 413 2469 omnique
436 2397 582 2469 apparatu
604 2408 707 2470 parem
727 2409 765 2449 eo
785 2397 918 2468 tempore
936 2407 993 2448 non
1006 2387 1099 2448 babe-
1111 2382 1137 2432 Ρ·
1149 2369 1208 2416 ⁶³²·

136 2485 210 2555 bate
232 2493 265 2545 et
281 2506 301 2545 a
318 2486 504 2565 peritioeimia
523 2487 567 2547 rei
585 2487 715 2546 nautica
727 2485 908 2556 hominibus,
922 2493 1011 2565 atque
1025 2485 1101 2546 inter

135 2602 201 2646 aare
215 2581 333 2662 legibue
344 2582 464 2663 optimia
476 2583 594 2663 egregie
609 2579 796 2663 conjunctia¹
817 2581 1044 2645 defendebatur.

176 2688 231 2741 28.
253 2678 308 2741 Ad
327 2680 444 2743 Patara
460 2680 530 2742 bino
541 2681 652 2742 ductor
670 2690 716 2742 eat
735 2682 896 2751 exercitur,
917 2680 969 2741 ubi
992 2680 1099 2739 iterum
1113 2701 1222 2767 Appiae.

136 2778 260 2858 iniquos
274 2786 418 2859 expertura
437 2788 484 2839 eat
502 2798 579 2859 quoa
598 2779 752 2840 vocabant
772 2776 866 2838 Deos.
909 2776 989 2837 Cum
1009 2776 1100 2849 enim,

136 2876 212 2955 qnia
223 2874 368 2935 mechinia
379 2874 605 2937 exaedificandia
623 2876 750 2937 materia
761 2874 875 2947 deerat,
893 2873 994 2935 lucum
1008 2872 1099 2932 Lato·

136 2992 184 3033 ιιι
204 2972 339 3033 dicatum
361 2973 514 3035 accidere
538 2973 685 3055 coepimt,
710 2972 819 3033 minaci
844 2972 959 3033 somnio
981 2970 1100 3036 territat

134 3070 264 3131 dentitit.
305 3070 385 3131 Sunt
403 3072 456 3152 qui
474 3071 577 3133 lucum
591 3070 748 3132 Furiarum
758 3069 872 3131 succidi
885 3077 1013 3149 coepturn
1027 3067 1237 3141 acri-J„1,01,.‚

134 3169 224 3239 bant,
237 3166 292 3229 aed
304 3169 417 3249 ingenti
429 3168 500 3241 rim,
513 3170 601 3248 cujus
613 3178 718 3229 auctor
735 3188 795 3229 non
811 3168 990 3249 apparebat,
1001 3165 1100 3226 deter-

135 3268 210 3327 ritos
218 3266 274 3346 qui
287 3267 317 3326 in
329 3286 420 3347 opere
432 3274 528 3327 erant.
563 3264 718 3327 Indeoum
730 3266 895 3347 haniapicis
902 3267 990 3345 juaau
1001 3264 1100 3325 Furiia

135 3364 283 3441 virginem
305 3362 499 3423 Mithridates
517 3362 697 3433 immolaret,
717 3384 735 3424 e
752 3361 861 3443 jugulo
879 3362 989 3443 puella
1009 3364 1099 3425 risum

135 3470 246 3519 ortum
294 3456 392 3537 Igitur
419 3458 573 3540 Pelopida
600 3460 727 3541 Lycium
752 3458 866 3519 bellum
893 3457 1098 3520 administrare
1111 3472 1219 3538 Appon.

131 3556 230 3632 juano,
244 3555 409 3635 principem
422 3557 584 3617 amicorum
599 3555 784 3617 Archelaum
795 3576 865 3615 cum
879 3556 994 3634 magnis
1005 3556 1101 3637 copiis

137 3652 167 3711 in
181 3650 336 3713 Graeciam
348 3652 438 3715 mitit.
481 3651 553 3735 Ipae
566 3654 750 3733 Pergamum
766 3652 920 3724 secedens,
933 3652 1101 3713 delentibus

136 3746 274 3826 agendia,
286 3748 487 3831 puandioqua
499 3751 599 3823 armir,
612 3761 645 3811 et
656 3750 774 3811 iuterim
789 3750 935 3811 Monimou
950 3750 1100 3811 amoribus
1127 3750 1193 3800 Ptnr.
1203 3750 1263 3819 Syll·

136 3864 262 3925 operam
287 3843 401 3907 dabatt
431 3847 520 3907 simul
545 3848 745 3926 cognoscebat
765 3866 872 3907 cauaaa
895 3846 1098 3906 Asiaticorum
1111 3822 1222 3946 ᾗξριὶζῃ

137 3942 317 4024 principum,
344 3964 470 4023 quorum
493 3945 604 4024 petitua
623 3943 740 4005 inaidiin
756 3943 926 4013 dicebatur,
944 3943 1033 4023 quive
1053 3962 1100 4003 rea

136 4060 261 4111 novare,
274 4048 328 4101 aut
339 4040 461 4101 omnino
474 4039 623 4101 Romania
637 4039 754 4101 studere
767 4041 975 4119 arguebantur.

178 4144 230 4199 29.
252 4136 339 4197 Inter
351 4137 428 4208 buo,
445 4135 535 4217 Sylla
552 4137 650 4198 adbuc
669 4138 699 4197 in
720 4136 816 4198 Italia
829 4136 958 4196 iaciente
972 4154 1096 4215 appara·
1111 4146 1176 4194 Plur.

136 4240 196 4306 tua,
210 4233 360 4315 variisque
367 4232 587 4315 impedimentis
594 4242 721 4307 retento,
731 4234 790 4295 Cn.
801 4232 959 4305 Octavius,
974 4231 1009 4291 L.
1023 4230 1097 4291 Cor·
1111 4213 1229 4326 vffliael·

335 4478 352 4525 t
370 4474 514 4538 Coniuncto·
526 4472 622 4539 legitor
633 4472 660 4523 iu
672 4472 803 4525 addente
814 4474 893 4525 Creu.
