3300 5225
376 585 480 636 Lllllll
507 585 634 636 cxxii.
657 585 979 638 surruuuart‘rvtt.

121 729 158 800 si,
173 727 278 791 Roma
296 719 353 791 est'.
393 729 512 812 Ampla
530 729 621 810 regio,
641 729 735 792 validi
751 729 867 812 populi,
886 729 1078 790 nobiliarimoe

120 828 211 888 urbes
233 826 290 888 hac
310 835 394 908 parte
416 827 516 889 Italiae
536 827 665 889 luerunt.
707 826 825 888 Praeter
846 827 1001 907 antiquum
1017 825 1077 888 La·

118 924 207 994 tium,
222 921 332 984 Rutuli
345 935 377 986 et
388 925 525 986 Aurunci
539 925 579 986 ed
592 927 682 986 maris
693 945 793 986 cram:
822 926 945 986 interius
958 923 1077 996 Volsci,

119 1017 265 1090 Hernici,
285 1020 387 1102 AEqui.
430 1021 608 1093 Lanuvium,
628 1021 747 1094 Aricia,
764 1020 929 1084 Tusculum
943 1031 974 1083 et
988 1022 1076 1083 Ρη·

118 1127 202 1178 neste
217 1117 341 1180 latinos
353 1127 465 1180 veteres
477 1119 690 1180 illustrabant.³
732 1119 884 1202 Arpinum
903 1119 994 1180 Marii
1011 1128 1076 1181 tum

119 1213 272 1276 natalibus
289 1215 482 1294 gloriabatur,
502 1215 632 1278 nondum
651 1217 751 1294 agnito
764 1227 878 1297 quanto
889 1218 986 1295 majus
997 1216 1076 1278 Vol·

118 1331 170 1373 sco
187 1311 391 1394 Romanoque
403 1315 513 1374 nomini
525 1314 617 1375 decus
630 1313 806 1376 Ciceronem
818 1315 991 1396 peperisset.
1032 1316 1077 1379 Et

118 1409 268 1498 Anagnia
278 1421 372 1493 caput
384 1410 597 1484 Hernicorum,
610 1411 844 1494 Tarracinaque,
856 1421 888 1472 et
901 1411 1075 1490 Minturnae,

117 1516 150 1566 et
161 1507 303 1580 Formiae,
313 1517 345 1570 et
356 1508 496 1570 Sinuoeaa
505 1509 535 1570 iu
548 1509 713 1584 Auruncis,
725 1509 874 1592 opulentas
884 1509 939 1572 illa
946 1519 1075 1594 tempes-

117 1614 181 1668 tate
195 1607 286 1668 urbes
297 1617 393 1668 erant.

157 1710 211 1764 41.
233 1703 299 1763 Per
313 1702 483 1764 Minturnas
494 1702 600 1765 fluvios
615 1703 694 1766 Liris
711 1705 844 1766 transiit:
862 1707 928 1786 ejus
945 1707 975 1767 in
995 1706 1075 1770 laeva

116 1801 183 1882 ripa
211 1799 341 1861 Sidicini
365 1799 516 1872 colebant,
540 1821 665 1883 quorum
684 1801 820 1864 Teanum
843 1803 985 1884 oppidum
1006 1805 1074 1868 fuit.

117 1897 168 1958 Ex
181 1897 231 1958 his
244 1897 411 1980 Campania
428 1919 523 1960 rerum
544 1901 675 1961 omnium
696 1899 850 1962 affluentia
866 1900 999 1982 luxuque
1011 1891 1075 1984 pras'

115 1995 224 2056 ceteris
238 1995 356 2056 Italicis
367 1995 519 2056 celebrata
535 1997 615 2076 regio
627 2016 636 2058 t
656 1994 694 2059 de
711 2016 772 2078 qua
784 1999 852 2078 jam
862 2001 1074 2080 occupavimus

116 2092 229 2164 dicere,
243 2091 325 2173 quod
338 2112 406 2174 pm
415 2095 481 2172 ejus
489 2092 642 2174 Apennini
650 2095 727 2173 juga
735 2094 928 2174 sequentibus
936 2115 1071 2158 occurre·

1153 567 1242 634 4463

116 2189 180 2250 bat.
222 2189 304 2252 Post
325 2189 493 2270 Campanos
513 2189 667 2250 Picentini
686 2199 766 2262 sunt,
787 2187 828 2252 ad
846 2190 1020 2253 Pestauum
1030 2194 1070 2254 μὶ.
1099 2188 1179 2242 sust.
1191 2207 1217 2242 ι.

115 2305 186 2346 num
200 2305 241 2346 ex
254 2287 347 2348 veteri
362 2285 976 2366 Pioenoaltomsnuvieuribusquoeu.
1005 2259 1177 2352 unffi·

115 2381 260 2444 Picentia
280 2383 392 2448 clarum
415 2381 556 2465 oppidum
577 2390 654 2454 erat,
676 2391 708 2444 et
728 2381 934 2446 Romanorum
954 2384 1092 2464 colonia⁸

115 2477 287 2540 Salernum.
329 2478 384 2539 Ab
402 2479 506 2540 eodem
524 2479 590 2540 sinu
607 2479 748 2562 deinceps
766 2479 880 2542 Lucani
898 2480 1071 2564 Bruttiiqne

115 2576 253 2649 Italiam,
268 2577 312 2637 uti
325 2576 504 2649 dictumest,
519 2575 636 2637 finiunt.
703 2650 711 2661 .

152 2682 206 2736 42.
230 2673 372 2755 Superest
381 2682 487 2755 quarte
498 2694 575 2755 quas
586 2672 708 2735 fecimus
720 2674 862 2755 partium,
875 2676 952 2736 inter
963 2675 1071 2758 Apen-

113 2772 218 2831 ninum
237 2780 273 2833 et
294 2790 374 2832 mare
395 2770 552 2852 Superum,
574 2769 655 2851 quod
675 2778 706 2831 et
725 2770 920 2832 Adriaticum
938 2783 1071 2844 vocator,

114 2870 283 2951 intercepta
298 2869 389 2949 regio.
431 2868 513 2929 Haec
530 2888 549 2929 a
567 2860 704 2939 Venetis,
726 2888 779 2949 per
799 2868 958 2930 Umbriam
979 2870 1071 2931 Pice·

113 2986 258 3047 numque,
272 2974 546 3027 memoratcsantea
553 2963 689 3047 populos,
699 2964 737 3025 ad
746 2965 965 3027 Praetutianum
975 2966 1071 3029 Adri·

113 3082 265 3143 anumque
279 3082 380 3143 agrum
394 3064 538 3144 pertinet:
560 3069 628 3143 post
642 3082 718 3142 quos
737 3062 903 3123 Marrucini
916 3062 1071 3124 Frentani·

113 3182 182 3241 que,
209 3160 268 3243 ipsi
289 3180 408 3241 quoque
434 3160 508 3219 inter
531 3158 770 3240 Apenninicolae
784 3160 851 3237 jam
873 3160 1027 3231 recensiu‘;
1052 3182 1072 3223 a

115 3256 277 3319 Frentanis
290 3255 387 3339 Apuli
405 3256 593 3325 habitabant,
616 3255 705 3334 longo
722 3254 760 3315 ad
775 3255 969 3317 Adriaticum
988 3278 1070 3318 mare

112 3364 221 3416 tractu.
265 3352 330 3415 Hic
343 3352 481 3414 Venusia
490 3360 546 3423 est,
562 3350 686 3413 Horatii
699 3352 802 3413 Flacci
815 3352 926 3434 patrie,
937 3353 1070 3435 itemque

113 3450 252 3521 Luceria,
266 3458 330 3510 tum
340 3448 545 3511 Romanorum
558 3447 697 3509 colonita.

150 3554 206 3610 4³.
225 3538 381 3627 ¹Deinceps
393 3554 557 3606 extremum
572 3544 673 3605 Italiae
686 3564 789 3616 cornu,
804 3543 934 3606 Bruttiis
950 3546 1069 3627 opposi-

113 3654 187 3717 tum,
210 3651 295 3720 (nam
319 3644 356 3703 iis
375 3642 452 3703 locis
471 3644 535 3703 lato
554 3642 638 3703 hiatu
659 3642 846 3703 discedentes
868 3651 959 3703 terres
975 3644 1070 3705 maria

113 3742 284 3819 intrarunt)
294 3740 479 3821 peninsulam
487 3738 590 3811 efficit,
597 3739 779 3821 Messapiam
790 3740 1068 3823 antiquitusappel·

113 3838 216 3909 latam,
233 3839 321 3917 cujus
339 3838 460 3899 interior
477 3858 546 3919 pars
564 3835 727 3897 Tarentum
750 3836 963 3897 nobilissimum
980 3839 1067 3919 oppi-

113 3936 182 3997 dum
200 3936 302 4008 lrabet,
321 3954 390 3997 cum
409 3934 475 3995 sinu
489 3936 681 4015 cognomina:
695 3932 801 3995 deinde
816 3956 870 4015 per
887 3934 1068 3995 Sallentinos

113 4035 149 4095 ad
164 4034 327 4117 Iapygiam
341 4034 573 4114 promontorium
585 4032 725 4093 excurrit.
765 4032 813 4094 At
825 4053 894 4115 pars
905 4031 1067 4094 Adriatico

114 4134 234 4193 obversa
247 4132 321 4193 mari
337 4130 484 4192 Calabria
495 4138 630 4192 vocatur.
680 4128 719 4191 In
733 4150 794 4211 qua
807 4129 1008 4191 Brundusium
1021 4139 1067 4191 est

113 4251 177 4291 cum
191 4230 305 4313 inclyto
318 4238 427 4313 portur
453 4237 485 4288 et
503 4247 570 4293 cum
589 4228 661 4299 alio,
679 4227 733 4289 aad
746 4228 867 4289 minoris
877 4226 966 4300 lamae
979 4247 1063 4288 usus·

113 4347 178 4408 que,
193 4328 400 4412 Hydruntum.

368 4464 396 4546 '8
414 4492 555 4545 lucratur
567 4492 626 4547 cdd.
638 4500 700 4553 ante
712 4492 789 4544 Cres.
