3300 5225
367 543 468 592 tinet
495 541 681 592 LXXXVH.
703 541 1031 594 SUPPLBMBNTUM·

178 691 228 748 12.
250 684 335 746 ‘Sibi
355 705 470 770 semper
484 695 597 748 certum
613 684 765 766 fixumque
782 684 885 759 luisse,
902 687 933 747 in
951 687 1092 747 bonorem

133 785 300 846 communis
315 785 420 865 patria
440 784 634 846 acerbissimis
653 784 830 846 adremanis
845 805 976 867 parcere.
1019 783 1091 846 Hu-

128 881 182 961 jus
195 882 287 942 animi
299 903 331 943 se
346 903 404 942 non
417 903 486 943 suos
496 891 611 942 tantum
624 881 716 942 duces
730 882 915 963 legatosque,
927 882 983 944 sed
995 883 1091 964 ipsum

75 1058 77 1064 Ι
133 979 278 1060 populum
298 978 469 1041 Romanum
494 981 605 1040 babere
630 987 747 1052 testem,
768 981 818 1042 cui
837 980 990 1042 lenitatem
1007 999 1092 1041 snam

132 1095 252 1157 semper
263 1077 447 1158 approbarit,
460 1076 602 1157 quamdiu
615 1097 669 1138 eno
682 1097 713 1138 se
726 1071 846 1157 ingenio
858 1078 902 1138 uti
915 1079 1092 1160 perversitas

132 1173 320 1235 inimicorum
332 1175 455 1236 sivisset.
499 1174 561 1236 Sed
573 1175 624 1236 ubi
634 1175 743 1236 viderit
755 1175 875 1236 eosdem
885 1175 954 1236 illos
965 1177 1094 1256 quomrn‘

132 1269 258 1350 injurias
276 1271 379 1352 patriae
392 1270 597 1346 condonasset,
610 1291 694 1332 snam
708 1270 962 1334 mansuetudinem
974 1293 1029 1354 pro
1045 1273 1090 1352 ig·

133 1367 225 1428 name
237 1369 385 1450 accipere,
393 1377 483 1449 atque
495 1367 580 1429 velut
593 1369 712 1448 impune
726 1366 876 1450 quidlibet
887 1387 1019 1441 ausuros,
1032 1368 1089 1450 ipsi

132 1464 299 1545 patriaeque
316 1464 442 1526 eandem
462 1465 621 1547 perniciem
634 1465 791 1536 meditaris
814 1466 876 1526 vim
889 1474 979 1546 atque
996 1473 1089 1526 teme·

130 1561 252 1622 ritatem
278 1563 475 1644 improborum
499 1563 609 1624 virtute
635 1583 671 1624 ac
698 1563 865 1624 constantia
890 1561 1088 1643 repulsurum,

130 1655 267 1718 scelestis
278 1667 367 1739 atque
378 1659 497 1720 nefariis
509 1661 598 1720 ermis
604 1663 690 1740 justa
702 1681 738 1722 ac
751 1661 803 1742 pie
813 1660 997 1742 opposuisse.
1025 1657 1088 1719 As-

130 1755 223 1816 fuisse
236 1758 327 1818 etiem
340 1777 438 1819 causae
448 1758 563 1820 meliori
577 1758 671 1831 Deos,
686 1757 898 1840 affuturosque.

1168 472 1257 592 sees

171 1859 224 1913 te.
253 1853 466 1916 ‘confiderent
490 1857 578 1936 igitur
601 1856 747 1928 Quirites,
768 1864 810 1928 et,
837 1852 1087 1936 quemadmodum
1188 1868 1192 1876 ’

129 1951 326 2033 temperando
351 1973 370 2013 a
394 1953 480 2014 bonis
504 1955 714 2026 innocentium,
735 1971 803 2034 quae
826 1932 994 2034 diripienda
1016 1952 1089 2033 ipsis

129 2049 217 2128 pravi
227 2049 359 2110 homines
368 2050 557 2131 obJecissent,
571 2050 684 2130 insigne
698 2049 861 2111 edidissent
871 2048 1087 2110 benevolentiae

131 2165 194 2206 σιω
209 2147 239 2206 in
258 2146 314 2208 bas
325 2156 423 2228 perles
434 2145 656 2219 documentum,
669 2147 712 2221 ita
723 2147 798 2208 nibil
813 2167 834 2208 e
844 2167 877 2208 se
889 2145 982 2218 aliud,
996 2165 1088 2227 quam

129 2263 200 2322 qnae
214 2244 286 2324 ipsis
297 2253 395 2307 essent
409 2245 605 2326 optatissima,
618 2252 821 2326 expectarent,
836 2243 927 2326 paulo
938 2251 1006 2324 post
1016 2243 1088 2303 sub-

126 2340 201 2402 latis
213 2342 380 2415 discordiis,
394 2363 498 2424 pacem
510 2351 542 2404 et
558 2343 679 2424 qualem
695 2341 897 2405 desiderarent
910 2339 1084 2421 reipublice

127 2447 241 2500 statum
250 2441 364 2502 visuri!
724 2462 728 2483 ¹

169 2543 222 2598 14.
245 2535 327 2598 Haec
341 2539 394 2608 ite,
407 2538 452 2598 uti
465 2537 547 2598 dicte
556 2545 650 2610 erant,
664 2536 843 2619 eplerisque
851 2534 1085 2619 accipiebantur.

128 2633 178 2695 At
190 2635 300 2716 quibus
321 2636 468 2718 reputatio
485 2646 660 2717 temporum,
676 2646 707 2697 et
725 2656 793 2717 quse
811 2633 903 2717 paulo
918 2642 987 2695 ante
1000 2633 1085 2695 vide-

127 2741 207 2806 rant,
221 2734 318 2794 ocrim
326 2734 508 2795 exercebant
517 2734 648 2814 ingenis,
662 2754 724 2795 rens
736 2754 800 2795 ene
811 2733 936 2815 periculi
946 2732 1083 2813 plenissi-

126 2850 209 2890 mam
222 2832 428 2894 autumabant.
468 2831 594 2893 ‘Etiam
606 2830 778 2894 melioribus
795 2829 915 2903 seculis,
927 2850 996 2891 cum
1009 2850 1083 2890 non·

126 2928 201 2990 dum
214 2928 396 3013 quotidianis
415 2930 503 2991 rebus
521 2931 669 2991 accenseri
689 2929 772 2991 bella
788 2928 945 3000 civilia,et
956 2928 986 2987 in
1000 2928 1084 2999 urbe,

127 3026 160 3085 in
172 3025 249 3099 toro,
263 3027 293 3087 in
313 3028 396 3091 cruia
416 3046 523 3109 pugnae
534 3026 700 3107 caedesque,
717 3033 836 3107 possent
845 3045 855 3096 ;
876 3044 955 3105 saepe
972 3023 1085 3085 discor·

126 3121 210 3183 diam
224 3124 353 3205 partium
366 3124 405 3185 ad
417 3123 589 3203 sanguinem
602 3143 763 3205 necemque
778 3120 1005 3183 imbecilliorum
1017 3140 1085 3201 per·

126 3220 256 3281 venisse.
299 3220 429 3303 Syllam,
451 3221 569 3282 tametsi
583 3218 707 3282 mirifice
728 3218 828 3281 adbuc
842 3218 1084 3299 lenitatempre-
1163 3212 1169 3220 ’

126 3313 218 3388 ferat,
236 3318 280 3377 ita
296 3326 396 3380 tamen
416 3319 563 3380 irritatum
581 3318 620 3379 ab
638 3317 815 3380 adversariis
832 3335 909 3386 esse,
921 3324 957 3375 ut
967 3315 1007 3376 ab
1020 3315 1086 3396 ipss

129 3414 287 3477 Modestia
298 3418 351 3477 vix
369 3417 461 3498 possit
481 3416 634 3498 postulari,
653 3416 682 3476 in
701 3424 787 3477 tanta
798 3413 940 3476 vindicte
952 3421 1087 3473 etcanss

126 3520 159 3572 et
178 3514 349 3585 occasione,
366 3514 520 3575 incruenta
532 3513 705 3595 reipublice
717 3510 881 3572 conversio.
923 3508 1035 3591 Neque
1048 3509 1085 3571 il-

127 3606 190 3669 lum
207 3609 326 3688 ingenio
342 3611 497 3672 abhorrere
516 3610 673 3681 asseritia,
693 3608 746 3669 sed
767 3607 893 3688 tempori
905 3605 1034 3677 dedisse,
1047 3627 1085 3667 ne

126 3715 305 3786 praemature
317 3706 532 3768 effervesceret.
567 3705 620 3767 Ne
632 3706 675 3767 sic
688 3704 806 3786 quidem
819 3712 985 3785 temperare
999 3710 1085 3783 potu·

126 3804 184 3863 isoe
211 3804 286 3884 quin
307 3804 458 3865 evidentia
481 3803 625 3865 nonnulla
646 3801 775 3865 crudelis
800 3801 892 3861 enimi
913 3806 1087 3879 usamenta

128 3910 327 3981 erumperent.

167 4004 219 4057 15.
242 3997 372 4058 ‘Priore
384 4016 455 4059 sane
468 3998 561 4070 bello,
571 4016 640 4059 cum
649 4004 783 4057 servatus
793 4014 811 4054 a
823 3992 926 4053 Mario
939 3989 979 4051 ad
992 3989 1085 4069 legio·

127 4114 179 4154 nes
189 4096 260 4174 jam
275 4093 328 4154 alii
346 4094 481 4155 decretas
497 4094 630 4166 redisset,
643 4094 674 4156 vi
687 4112 724 4153 ac
741 4093 832 4153 armis
842 4088 976 4151 omnium
988 4106 1084 4147 renum

126 4190 282 4251 arbitrium
303 4191 476 4273 arripuissez
500 4192 603 4252 urbem
626 4208 805 4271 occupasscs
827 4185 998 4265 multisque,
1020 4183 1084 4263 ipso

126 4290 317 4359 connivente,
330 4289 446 4349 interim
468 4297 500 4349 et
513 4290 651 4368 jubente,
664 4287 781 4359 occisis,
793 4284 923 4363 coegisse
936 4290 1084 4349 secutum,

127 4392 161 4443 ut
173 4384 342 4465 complures
352 4384 484 4464 egregios
494 4386 572 4445 viros
579 4384 772 4445 facultatibus
778 4383 841 4443 suis
850 4388 968 4448 exutos,
978 4378 1084 4459 patriae

127 4489 251 4562 aspectu
265 4482 405 4562 privatos,
425 4482 520 4543 hostes
532 4480 694 4561 judicaret.
736 4478 798 4541 Sed
816 4496 872 4540 nec
892 4474 1084 4538 ambitionem
