<?xml version="1.0" encoding="UTF-8"?>
<!DOCTYPE html PUBLIC "-//W3C//DTD XHTML 1.0 Transitional//EN"
    "http://www.w3.org/TR/xhtml1/DTD/xhtml1-transitional.dtd">
<html xmlns="http://www.w3.org/1999/xhtml" xml:lang="en" lang="en">
 <head>
  <title>
</title>
<meta http-equiv="Content-Type" content="text/html;charset=utf-8" />
  <meta name='ocr-system' content='tesseract 3.04.00' />
  <meta name='ocr-capabilities' content='ocr_page ocr_carea ocr_par ocr_line ocrx_word'/>
</head>
<body>
  <div class='ocr_page' id='page_1' title='image "./tliviipatavinih01rupegoog_0091.png"; bbox 0 0 3300 5225; ppageno 0'>
   <div class='ocr_carea' id='block_1_1' title="bbox 356 584 1218 661">
    <p class='ocr_par' dir='ltr' id='par_1_1' title="bbox 356 584 1218 661">
     <span class='ocr_line' id='line_1_1' title="bbox 356 584 1218 661; baseline -0.008 -2"><span class='ocrx_word' id='word_1_1' title='bbox 356 610 460 661; x_wconf 73' lang='lat' dir='ltr'><strong>arsur</strong></span> <span class='ocrx_word' id='word_1_2' title='bbox 485 607 628 661; x_wconf 75' lang='lat' dir='ltr'><strong>anxur.</strong></span> <span class='ocrx_word' id='word_1_3' title='bbox 650 606 976 660; x_wconf 77' lang='lat' dir='ltr'><strong>suueuuunurusr.</strong></span> <span class='ocrx_word' id='word_1_4' title='bbox 1131 584 1218 653; x_wconf 78' lang='grc'><strong>4517</strong></span> 
     </span>
    </p>
   </div>
   <div class='ocr_carea' id='block_1_2' title="bbox 96 742 1222 3948">
    <p class='ocr_par' dir='ltr' id='par_1_2' title="bbox 96 742 1057 1419">
     <span class='ocr_line' id='line_1_2' title="bbox 96 742 1055 837; baseline -0.009 -19"><span class='ocrx_word' id='word_1_5' title='bbox 96 756 239 835; x_wconf 74' lang='lat' dir='ltr'><strong>jnnchrm</strong></span> <span class='ocrx_word' id='word_1_6' title='bbox 258 754 364 817; x_wconf 84' lang='lat' dir='ltr'><strong>Ponto</strong></span> <span class='ocrx_word' id='word_1_7' title='bbox 383 776 504 835; x_wconf 74' lang='lat' dir='ltr'><strong>regnum</strong></span> <span class='ocrx_word' id='word_1_8' title='bbox 521 755 590 827; x_wconf 82' lang='lat' dir='ltr'><strong>fuit,</strong></span> <span class='ocrx_word' id='word_1_9' title='bbox 603 753 643 817; x_wconf 87' lang='lat' dir='ltr'><strong>nd</strong></span> <span class='ocrx_word' id='word_1_10' title='bbox 656 750 874 837; x_wconf 81' lang='lat' dir='ltr'><strong>Propontidem</strong></span> <span class='ocrx_word' id='word_1_11' title='bbox 886 742 1055 813; x_wconf 80' lang='lat' dir='ltr'><strong>deflectens.</strong></span> 
     </span>
     <span class='ocr_line' id='line_1_3' title="bbox 102 850 1056 933; baseline -0.003 -22"><span class='ocrx_word' id='word_1_12' title='bbox 102 852 149 912; x_wconf 88' lang='lat' dir='ltr'><strong>At</strong></span> <span class='ocrx_word' id='word_1_13' title='bbox 159 854 308 913; x_wconf 79' lang='lat' dir='ltr'>orientem</span> <span class='ocrx_word' id='word_1_14' title='bbox 319 874 422 914; x_wconf 80' lang='lat' dir='ltr'><strong>uersus</strong></span> <span class='ocrx_word' id='word_1_15' title='bbox 437 851 633 933; x_wconf 88' lang='lat' dir='ltr'><strong>Cappadocia</strong></span> <span class='ocrx_word' id='word_1_16' title='bbox 650 853 681 912; x_wconf 92' lang='lat' dir='ltr'><strong>in</strong></span> <span class='ocrx_word' id='word_1_17' title='bbox 699 850 915 911; x_wconf 90' lang='lat' dir='ltr'><strong>mediterranea</strong></span> <span class='ocrx_word' id='word_1_18' title='bbox 935 868 1056 931; x_wconf 88' lang='lat' dir='ltr'><strong>procur-</strong></span> 
     </span>
     <span class='ocr_line' id='line_1_4' title="bbox 101 946 1056 1019; baseline -0.002 -11"><span class='ocrx_word' id='word_1_19' title='bbox 101 968 177 1019; x_wconf 80' lang='lat' dir='ltr'><strong>rens,</strong></span> <span class='ocrx_word' id='word_1_20' title='bbox 192 950 266 1009; x_wconf 92' lang='lat' dir='ltr'><strong>inde</strong></span> <span class='ocrx_word' id='word_1_21' title='bbox 279 950 427 1011; x_wconf 89' lang='lat' dir='ltr'><strong>Armenia</strong></span> <span class='ocrx_word' id='word_1_22' title='bbox 439 950 479 1010; x_wconf 88' lang='lat' dir='ltr'><strong>ad</strong></span> <span class='ocrx_word' id='word_1_23' title='bbox 491 950 642 1011; x_wconf 90' lang='lat' dir='ltr'><strong>meridiem</strong></span> <span class='ocrx_word' id='word_1_24' title='bbox 653 948 754 1009; x_wconf 91' lang='lat' dir='ltr'><strong>Tauro</strong></span> <span class='ocrx_word' id='word_1_25' title='bbox 762 956 863 1008; x_wconf 85' lang='lat' dir='ltr'><strong>monte</strong></span> <span class='ocrx_word' id='word_1_26' title='bbox 875 946 1056 1007; x_wconf 90' lang='lat' dir='ltr'><strong>terminatur.</strong></span> 
     </span>
     <span class='ocr_line' id='line_1_5' title="bbox 102 1042 1056 1129; baseline -0.002 -25"><span class='ocrx_word' id='word_1_27' title='bbox 102 1044 186 1106; x_wconf 91' lang='lat' dir='ltr'><strong>Inter</strong></span> <span class='ocrx_word' id='word_1_28' title='bbox 200 1044 353 1127; x_wconf 85' lang='lat' dir='ltr'><strong>Bithynos</strong></span> <span class='ocrx_word' id='word_1_29' title='bbox 366 1056 455 1128; x_wconf 90' lang='lat' dir='ltr'><strong>atque</strong></span> <span class='ocrx_word' id='word_1_30' title='bbox 468 1046 664 1129; x_wconf 84' lang='lat' dir='ltr'><strong>Cappadoces</strong></span> <span class='ocrx_word' id='word_1_31' title='bbox 676 1048 720 1106; x_wconf 84' lang='lat' dir='ltr'><strong>ita</strong></span> <span class='ocrx_word' id='word_1_32' title='bbox 730 1064 834 1127; x_wconf 86' lang='lat' dir='ltr'><strong>sparsa</strong></span> <span class='ocrx_word' id='word_1_33' title='bbox 847 1054 912 1105; x_wconf 86' lang='lat' dir='ltr'><strong>erat</strong></span> <span class='ocrx_word' id='word_1_34' title='bbox 920 1042 1056 1115; x_wconf 85' lang='lat' dir='ltr'><strong>Galatia,</strong></span> 
     </span>
     <span class='ocr_line' id='line_1_6' title="bbox 102 1140 1057 1229; baseline -0.003 -27"><span class='ocrx_word' id='word_1_35' title='bbox 102 1151 135 1202; x_wconf 87' lang='lat' dir='ltr'><strong>ut</strong></span> <span class='ocrx_word' id='word_1_36' title='bbox 156 1145 198 1203; x_wconf 90' lang='lat' dir='ltr'><strong>ab</strong></span> <span class='ocrx_word' id='word_1_37' title='bbox 227 1145 437 1225; x_wconf 74' lang='lat' dir='ltr'>septemtrione</span> <span class='ocrx_word' id='word_1_38' title='bbox 461 1143 593 1229; x_wconf 81' lang='lat' dir='ltr'><strong>Pontum</strong></span> <span class='ocrx_word' id='word_1_39' title='bbox 616 1152 648 1204; x_wconf 91' lang='lat' dir='ltr'><strong>et</strong></span> <span class='ocrx_word' id='word_1_40' title='bbox 671 1142 926 1225; x_wconf 73' lang='lat' dir='ltr'><strong>Paphlagoniam,</strong></span> <span class='ocrx_word' id='word_1_41' title='bbox 946 1140 1057 1215; x_wconf 84' lang='lat' dir='ltr'><strong>(Ponti</strong></span> 
     </span>
     <span class='ocr_line' id='line_1_7' title="bbox 101 1239 1057 1323; baseline -0.003 -23"><span class='ocrx_word' id='word_1_42' title='bbox 101 1243 178 1301; x_wconf 89' lang='lat' dir='ltr'><strong>enim</strong></span> <span class='ocrx_word' id='word_1_43' title='bbox 191 1262 265 1322; x_wconf 88' lang='lat' dir='ltr'><strong>pars</strong></span> <span class='ocrx_word' id='word_1_44' title='bbox 277 1241 367 1302; x_wconf 91' lang='lat' dir='ltr'><strong>etiam</strong></span> <span class='ocrx_word' id='word_1_45' title='bbox 380 1241 592 1323; x_wconf 70' lang='lat' dir='ltr'><strong>Paphlagonia</strong></span> <span class='ocrx_word' id='word_1_46' title='bbox 604 1260 661 1303; x_wconf 89' lang='lat' dir='ltr'><strong>nec</strong></span> <span class='ocrx_word' id='word_1_47' title='bbox 672 1239 797 1303; x_wconf 87' lang='lat' dir='ltr'><strong>absurde</strong></span> <span class='ocrx_word' id='word_1_48' title='bbox 809 1240 924 1301; x_wconf 89' lang='lat' dir='ltr'><strong>censeri</strong></span> <span class='ocrx_word' id='word_1_49' title='bbox 935 1241 1057 1321; x_wconf 67' lang='lat' dir='ltr'><strong>potest)</strong></span> 
     </span>
     <span class='ocr_line' id='line_1_8' title="bbox 103 1337 895 1419; baseline 0 -22"><span class='ocrx_word' id='word_1_50' title='bbox 103 1338 258 1398; x_wconf 85' lang='lat' dir='ltr'><strong>smeridie</strong></span> <span class='ocrx_word' id='word_1_51' title='bbox 271 1337 438 1419; x_wconf 76' lang='lat' dir='ltr'><strong>Phrygiam</strong></span> <span class='ocrx_word' id='word_1_52' title='bbox 453 1339 694 1419; x_wconf 81' lang='lat' dir='ltr'><strong>Lycaoniamque</strong></span> <span class='ocrx_word' id='word_1_53' title='bbox 704 1338 895 1417; x_wconf 79' lang='lat' dir='ltr'><strong>contingeret.</strong></span> 
     </span>
    </p>

    <p class='ocr_par' dir='ltr' id='par_1_3' title="bbox 102 1431 1222 2097">
     <span class='ocr_line' id='line_1_9' title="bbox 140 1431 1218 1515; baseline 0.003 -20"><span class='ocrx_word' id='word_1_54' title='bbox 140 1440 192 1495; x_wconf 73' lang='lat'><strong>28.</strong></span> <span class='ocrx_word' id='word_1_55' title='bbox 217 1434 334 1495; x_wconf 88' lang='lat' dir='ltr'><strong>Omnes</strong></span> <span class='ocrx_word' id='word_1_56' title='bbox 345 1436 410 1495; x_wconf 76' lang='lat' dir='ltr'><strong>istae</strong></span> <span class='ocrx_word' id='word_1_57' title='bbox 422 1435 576 1515; x_wconf 63' lang='lat' dir='ltr'><strong>regionesl</strong></span> <span class='ocrx_word' id='word_1_58' title='bbox 589 1435 619 1493; x_wconf 94' lang='lat' dir='ltr'><strong>in</strong></span> <span class='ocrx_word' id='word_1_59' title='bbox 630 1434 742 1496; x_wconf 85' lang='lat' dir='ltr'><strong>ditione</strong></span> <span class='ocrx_word' id='word_1_60' title='bbox 752 1434 915 1494; x_wconf 76' lang='lat' dir='ltr'><strong>Persarum</strong></span> <span class='ocrx_word' id='word_1_61' title='bbox 922 1431 1056 1493; x_wconf 84' lang='lat' dir='ltr'><strong>luerunt:</strong></span> <span class='ocrx_word' id='word_1_62' title='bbox 1079 1448 1157 1499; x_wconf 77' lang='lat' dir='ltr'><strong>surb.</strong></span> <span class='ocrx_word' id='word_1_63' title='bbox 1166 1462 1218 1498; x_wconf 81' lang='grc' dir='ltr'><strong>ιιι.</strong></span> 
     </span>
     <span class='ocr_line' id='line_1_10' title="bbox 102 1512 1164 1628; baseline -0.001 -37"><span class='ocrx_word' id='word_1_64' title='bbox 102 1532 242 1611; x_wconf 75' lang='lat' dir='ltr'><strong>aquibus</strong></span> <span class='ocrx_word' id='word_1_65' title='bbox 258 1551 297 1591; x_wconf 90' lang='lat' dir='ltr'><strong>ea</strong></span> <span class='ocrx_word' id='word_1_66' title='bbox 308 1552 387 1613; x_wconf 90' lang='lat' dir='ltr'><strong>pars,</strong></span> <span class='ocrx_word' id='word_1_67' title='bbox 400 1552 469 1612; x_wconf 78' lang='lat' dir='ltr'><strong>quae</strong></span> <span class='ocrx_word' id='word_1_68' title='bbox 481 1540 545 1592; x_wconf 88' lang='lat' dir='ltr'><strong>tum</strong></span> <span class='ocrx_word' id='word_1_69' title='bbox 561 1532 754 1592; x_wconf 88' lang='lat' dir='ltr'><strong>communiter</strong></span> <span class='ocrx_word' id='word_1_70' title='bbox 767 1530 963 1612; x_wconf 80' lang='lat' dir='ltr'><strong>Cappadocia</strong></span> <span class='ocrx_word' id='word_1_71' title='bbox 975 1528 1057 1591; x_wconf 90' lang='lat' dir='ltr'><strong>dice·</strong></span> <span class='ocrx_word' id='word_1_72' title='bbox 1068 1512 1164 1628; x_wconf 48' lang='lat' dir='ltr'><strong>iffi,</strong></span> 
     </span>
     <span class='ocr_line' id='line_1_11' title="bbox 102 1612 1192 1709; baseline 0.006 -22"><span class='ocrx_word' id='word_1_73' title='bbox 102 1629 202 1699; x_wconf 87' lang='lat' dir='ltr'><strong>hatur,</strong></span> <span class='ocrx_word' id='word_1_74' title='bbox 224 1630 256 1688; x_wconf 93' lang='lat' dir='ltr'><strong>in</strong></span> <span class='ocrx_word' id='word_1_75' title='bbox 273 1628 349 1689; x_wconf 86' lang='lat' dir='ltr'><strong>duas</strong></span> <span class='ocrx_word' id='word_1_76' title='bbox 370 1628 467 1688; x_wconf 81' lang='lat' dir='ltr'><strong>divisa</strong></span> <span class='ocrx_word' id='word_1_77' title='bbox 483 1626 684 1709; x_wconf 79' lang='lat' dir='ltr'><strong>praefecturas,</strong></span> <span class='ocrx_word' id='word_1_78' title='bbox 702 1636 807 1709; x_wconf 87' lang='lat' dir='ltr'><strong>postea</strong></span> <span class='ocrx_word' id='word_1_79' title='bbox 824 1626 953 1709; x_wconf 86' lang='lat' dir='ltr'><strong>totidem</strong></span> <span class='ocrx_word' id='word_1_80' title='bbox 967 1647 1058 1707; x_wconf 80' lang='lat' dir='ltr'><strong>regna</strong></span> <span class='ocrx_word' id='word_1_81' title='bbox 1068 1612 1192 1707; x_wconf 55' lang='lat' dir='ltr'><strong>Porpnfr.</strong></span> 
     </span>
     <span class='ocr_line' id='line_1_12' title="bbox 103 1708 1197 1823; baseline -0.003 -38"><span class='ocrx_word' id='word_1_82' title='bbox 103 1727 237 1806; x_wconf 87' lang='lat' dir='ltr'><strong>peperit:</strong></span> <span class='ocrx_word' id='word_1_83' title='bbox 258 1746 382 1807; x_wconf 90' lang='lat' dir='ltr'><strong>quorum</strong></span> <span class='ocrx_word' id='word_1_84' title='bbox 405 1727 531 1787; x_wconf 86' lang='lat' dir='ltr'><strong>alterum</strong></span> <span class='ocrx_word' id='word_1_85' title='bbox 555 1725 751 1807; x_wconf 86' lang='lat' dir='ltr'><strong>Cappadocia</strong></span> <span class='ocrx_word' id='word_1_86' title='bbox 771 1726 898 1807; x_wconf 90' lang='lat' dir='ltr'><strong>proprie,</strong></span> <span class='ocrx_word' id='word_1_87' title='bbox 920 1734 972 1785; x_wconf 92' lang='lat' dir='ltr'><strong>aut</strong></span> <span class='ocrx_word' id='word_1_88' title='bbox 988 1744 1056 1787; x_wconf 92' lang='lat' dir='ltr'><strong>cum</strong></span> <span class='ocrx_word' id='word_1_89' title='bbox 1069 1708 1197 1823; x_wconf 50' lang='lat' dir='ltr'><strong>{lfghffi</strong></span> 
     </span>
     <span class='ocr_line' id='line_1_13' title="bbox 103 1822 1221 1904; baseline 0.005 -23"><span class='ocrx_word' id='word_1_90' title='bbox 103 1822 272 1901; x_wconf 88' lang='lat' dir='ltr'><strong>adjectione</strong></span> <span class='ocrx_word' id='word_1_91' title='bbox 292 1822 489 1904; x_wconf 78' lang='lat' dir='ltr'><strong>Cappadocia</strong></span> <span class='ocrx_word' id='word_1_92' title='bbox 509 1822 548 1883; x_wconf 91' lang='lat' dir='ltr'><strong>ad</strong></span> <span class='ocrx_word' id='word_1_93' title='bbox 567 1822 710 1896; x_wconf 83' lang='lat' dir='ltr'><strong>Taurum,</strong></span> <span class='ocrx_word' id='word_1_94' title='bbox 729 1823 875 1883; x_wconf 85' lang='lat' dir='ltr'><strong>interdum</strong></span> <span class='ocrx_word' id='word_1_95' title='bbox 894 1832 925 1883; x_wconf 90' lang='lat' dir='ltr'><strong>et</strong></span> <span class='ocrx_word' id='word_1_96' title='bbox 943 1822 1058 1901; x_wconf 77' lang='lat' dir='ltr'><strong>Magna</strong></span> <span class='ocrx_word' id='word_1_97' title='bbox 1070 1837 1136 1887; x_wconf 83' lang='lat' dir='ltr'><strong>Ptin.</strong></span> <span class='ocrx_word' id='word_1_98' title='bbox 1147 1852 1184 1885; x_wconf 85' lang='lat' dir='ltr'><strong>vr.</strong></span> <span class='ocrx_word' id='word_1_99' title='bbox 1195 1839 1221 1887; x_wconf 80' lang='lat' dir='ltr'><strong>t.</strong></span> 
     </span>
     <span class='ocr_line' id='line_1_14' title="bbox 104 1902 1222 2019; baseline 0 -41"><span class='ocrx_word' id='word_1_100' title='bbox 104 1916 320 2001; x_wconf 86' lang='lat' dir='ltr'><strong>Cappadocia;</strong></span> <span class='ocrx_word' id='word_1_101' title='bbox 343 1921 468 1981; x_wconf 90' lang='lat' dir='ltr'><strong>alterum</strong></span> <span class='ocrx_word' id='word_1_102' title='bbox 486 1921 616 1994; x_wconf 80' lang='lat' dir='ltr'><strong>Pontus,</strong></span> <span class='ocrx_word' id='word_1_103' title='bbox 637 1923 699 1983; x_wconf 83' lang='lat' dir='ltr'><strong>sive</strong></span> <span class='ocrx_word' id='word_1_104' title='bbox 713 1920 910 2004; x_wconf 85' lang='lat' dir='ltr'><strong>Cappadocia</strong></span> <span class='ocrx_word' id='word_1_105' title='bbox 926 1920 1059 1981; x_wconf 91' lang='lat' dir='ltr'><strong>Pontica</strong></span> <span class='ocrx_word' id='word_1_106' title='bbox 1070 1902 1222 2019; x_wconf 36' lang='lat' dir='ltr'><strong>effla}</strong></span> 
     </span>
     <span class='ocr_line' id='line_1_15' title="bbox 103 2017 363 2097; baseline 0.008 -21"><span class='ocrx_word' id='word_1_107' title='bbox 103 2018 192 2097; x_wconf 85' lang='lat' dir='ltr'><strong>coepit</strong></span> <span class='ocrx_word' id='word_1_108' title='bbox 206 2017 363 2078; x_wconf 84' lang='lat' dir='ltr'><strong>nominari.</strong></span> 
     </span>
    </p>

    <p class='ocr_par' dir='ltr' id='par_1_4' title="bbox 104 2114 1076 3162">
     <span class='ocr_line' id='line_1_16' title="bbox 146 2114 1058 2198; baseline -0.002 -21"><span class='ocrx_word' id='word_1_109' title='bbox 146 2124 197 2178; x_wconf 74' lang='lat'><strong>24.</strong></span> <span class='ocrx_word' id='word_1_110' title='bbox 221 2117 330 2177; x_wconf 91' lang='lat' dir='ltr'><strong>Priore</strong></span> <span class='ocrx_word' id='word_1_111' title='bbox 348 2115 530 2198; x_wconf 66' lang='lat' dir='ltr'><strong>prefocare</strong></span> <span class='ocrx_word' id='word_1_112' title='bbox 547 2114 649 2177; x_wconf 89' lang='lat' dir='ltr'><strong>decem</strong></span> <span class='ocrx_word' id='word_1_113' title='bbox 664 2117 912 2178; x_wconf 83' lang='lat' dir='ltr'><strong>continebantur:</strong></span> <span class='ocrx_word' id='word_1_114' title='bbox 934 2134 1058 2196; x_wconf 86' lang='lat' dir='ltr'><strong>quarum</strong></span> 
     </span>
     <span class='ocr_line' id='line_1_17' title="bbox 105 2212 1060 2295; baseline -0.004 -20"><span class='ocrx_word' id='word_1_115' title='bbox 105 2217 158 2275; x_wconf 86' lang='lat' dir='ltr'><strong>sub</strong></span> <span class='ocrx_word' id='word_1_116' title='bbox 169 2214 277 2275; x_wconf 86' lang='lat' dir='ltr'><strong>Tauro</strong></span> <span class='ocrx_word' id='word_1_117' title='bbox 288 2223 374 2275; x_wconf 86' lang='lat' dir='ltr'><strong>erant</strong></span> <span class='ocrx_word' id='word_1_118' title='bbox 387 2214 545 2286; x_wconf 81' lang='lat' dir='ltr'><strong>Melitene,</strong></span> <span class='ocrx_word' id='word_1_119' title='bbox 560 2214 720 2287; x_wconf 90' lang='lat' dir='ltr'><strong>Cataonia,</strong></span> <span class='ocrx_word' id='word_1_120' title='bbox 735 2214 858 2286; x_wconf 90' lang='lat' dir='ltr'><strong>Cilicia,</strong></span> <span class='ocrx_word' id='word_1_121' title='bbox 868 2212 1016 2295; x_wconf 84' lang='lat' dir='ltr'><strong>Tyanitis,</strong></span> <span class='ocrx_word' id='word_1_122' title='bbox 1028 2218 1060 2271; x_wconf 87' lang='lat' dir='ltr'><strong>et</strong></span> 
     </span>
     <span class='ocr_line' id='line_1_18' title="bbox 106 2309 1059 2394; baseline -0.004 -23"><span class='ocrx_word' id='word_1_123' title='bbox 106 2310 298 2373; x_wconf 84' lang='lat' dir='ltr'><strong>Garsauritis.</strong></span> <span class='ocrx_word' id='word_1_124' title='bbox 340 2310 488 2371; x_wconf 84' lang='lat' dir='ltr'><strong>Melitene</strong></span> <span class='ocrx_word' id='word_1_125' title='bbox 508 2310 614 2371; x_wconf 89' lang='lat' dir='ltr'><strong>ceteris</strong></span> <span class='ocrx_word' id='word_1_126' title='bbox 633 2310 836 2394; x_wconf 77' lang='lat' dir='ltr'><strong>cappadocie</strong></span> <span class='ocrx_word' id='word_1_127' title='bbox 854 2311 986 2393; x_wconf 79' lang='lat' dir='ltr'><strong>partibus</strong></span> <span class='ocrx_word' id='word_1_128' title='bbox 1003 2309 1059 2367; x_wconf 75' lang='lat' dir='ltr'><strong>mi·</strong></span> 
     </span>
     <span class='ocr_line' id='line_1_19' title="bbox 104 2404 1059 2489; baseline -0.005 -20"><span class='ocrx_word' id='word_1_129' title='bbox 104 2410 168 2481; x_wconf 86' lang='lat' dir='ltr'><strong>tior,</strong></span> <span class='ocrx_word' id='word_1_130' title='bbox 186 2408 249 2469; x_wconf 88' lang='lat' dir='ltr'><strong>olei</strong></span> <span class='ocrx_word' id='word_1_131' title='bbox 270 2428 390 2489; x_wconf 90' lang='lat' dir='ltr'><strong>quoque</strong></span> <span class='ocrx_word' id='word_1_132' title='bbox 411 2407 517 2468; x_wconf 77' lang='lat' dir='ltr'><strong>etvini</strong></span> <span class='ocrx_word' id='word_1_133' title='bbox 535 2408 640 2489; x_wconf 89' lang='lat' dir='ltr'><strong>optimi</strong></span> <span class='ocrx_word' id='word_1_134' title='bbox 660 2405 757 2479; x_wconf 79' lang='lat' dir='ltr'><strong>ferax,</strong></span> <span class='ocrx_word' id='word_1_135' title='bbox 778 2406 932 2468; x_wconf 76' lang='lat' dir='ltr'><strong>Armeniae</strong></span> <span class='ocrx_word' id='word_1_136' title='bbox 947 2404 1059 2485; x_wconf 87' lang='lat' dir='ltr'><strong>Majon&#39;</strong></span> 
     </span>
     <span class='ocr_line' id='line_1_20' title="bbox 106 2502 1059 2588; baseline -0.003 -23"><span class='ocrx_word' id='word_1_137' title='bbox 106 2504 310 2587; x_wconf 73' lang='lat' dir='ltr'><strong>pretenditur,</strong></span> <span class='ocrx_word' id='word_1_138' title='bbox 324 2525 345 2565; x_wconf 95' lang='lat' dir='ltr'><strong>a</strong></span> <span class='ocrx_word' id='word_1_139' title='bbox 357 2502 504 2586; x_wconf 75' lang='lat' dir='ltr'><strong>Sophene</strong></span> <span class='ocrx_word' id='word_1_140' title='bbox 514 2504 690 2588; x_wconf 71' lang='lat' dir='ltr'><strong>praefectura</strong></span> <span class='ocrx_word' id='word_1_141' title='bbox 702 2504 800 2566; x_wconf 92' lang='lat' dir='ltr'><strong>medio</strong></span> <span class='ocrx_word' id='word_1_142' title='bbox 815 2504 968 2588; x_wconf 86' lang='lat' dir='ltr'><strong>Euphrate</strong></span> <span class='ocrx_word' id='word_1_143' title='bbox 981 2502 1059 2564; x_wconf 82' lang='lat' dir='ltr'><strong>divi·</strong></span> 
     </span>
     <span class='ocr_line' id='line_1_21' title="bbox 106 2600 1059 2676; baseline -0.001 -12"><span class='ocrx_word' id='word_1_144' title='bbox 106 2625 146 2664; x_wconf 84' lang='lat' dir='ltr'><strong>sa.</strong></span> <span class='ocrx_word' id='word_1_145' title='bbox 187 2601 314 2664; x_wconf 86' lang='lat' dir='ltr'><strong>Nomen</strong></span> <span class='ocrx_word' id='word_1_146' title='bbox 329 2602 399 2667; x_wconf 91' lang='lat' dir='ltr'><strong>huic</strong></span> <span class='ocrx_word' id='word_1_147' title='bbox 414 2600 524 2664; x_wconf 85' lang='lat' dir='ltr'><strong>Melita</strong></span> <span class='ocrx_word' id='word_1_148' title='bbox 535 2602 630 2676; x_wconf 92' lang='lat' dir='ltr'><strong>dedit,</strong></span> <span class='ocrx_word' id='word_1_149' title='bbox 646 2625 666 2664; x_wconf 91' lang='lat' dir='ltr'><strong>a</strong></span> <span class='ocrx_word' id='word_1_150' title='bbox 679 2602 886 2674; x_wconf 85' lang='lat' dir='ltr'><strong>Semiramide,</strong></span> <span class='ocrx_word' id='word_1_151' title='bbox 900 2613 934 2664; x_wconf 89' lang='lat' dir='ltr'><strong>ut</strong></span> <span class='ocrx_word' id='word_1_152' title='bbox 943 2601 1059 2675; x_wconf 81' lang='lat' dir='ltr'><strong>volunt,</strong></span> 
     </span>
     <span class='ocr_line' id='line_1_22' title="bbox 106 2697 1062 2783; baseline -0.001 -21"><span class='ocrx_word' id='word_1_153' title='bbox 106 2701 236 2762; x_wconf 75' lang='lat' dir='ltr'><strong>condita</strong></span> <span class='ocrx_word' id='word_1_154' title='bbox 278 2699 374 2761; x_wconf 84' lang='lat' dir='ltr'><strong>Trans</strong></span> <span class='ocrx_word' id='word_1_155' title='bbox 398 2697 507 2760; x_wconf 84' lang='lat' dir='ltr'><strong>flumen</strong></span> <span class='ocrx_word' id='word_1_156' title='bbox 529 2701 620 2761; x_wconf 91' lang='lat' dir='ltr'><strong>etiam</strong></span> <span class='ocrx_word' id='word_1_157' title='bbox 641 2701 680 2762; x_wconf 88' lang='lat' dir='ltr'><strong>ad</strong></span> <span class='ocrx_word' id='word_1_158' title='bbox 705 2703 784 2763; x_wconf 86' lang='lat' dir='ltr'><strong>hanc</strong></span> <span class='ocrx_word' id='word_1_159' title='bbox 804 2709 918 2783; x_wconf 88' lang='lat' dir='ltr'><strong>partem</strong></span> <span class='ocrx_word' id='word_1_160' title='bbox 940 2700 1062 2762; x_wconf 89' lang='lat' dir='ltr'><strong>Tomisa</strong></span> 
     </span>
     <span class='ocr_line' id='line_1_23' title="bbox 108 2797 1060 2879; baseline -0.003 -20"><span class='ocrx_word' id='word_1_161' title='bbox 108 2800 319 2879; x_wconf 86' lang='lat' dir='ltr'><strong>pertinuerunt,</strong></span> <span class='ocrx_word' id='word_1_162' title='bbox 332 2799 444 2877; x_wconf 77' lang='lat' dir='ltr'><strong>irmigne</strong></span> <span class='ocrx_word' id='word_1_163' title='bbox 456 2797 621 2860; x_wconf 90' lang='lat' dir='ltr'><strong>castellum.</strong></span> <span class='ocrx_word' id='word_1_164' title='bbox 656 2799 811 2861; x_wconf 79' lang='lat' dir='ltr'><strong>Cataoniae</strong></span> <span class='ocrx_word' id='word_1_165' title='bbox 821 2801 898 2860; x_wconf 88' lang='lat' dir='ltr'><strong>inter</strong></span> <span class='ocrx_word' id='word_1_166' title='bbox 907 2798 1060 2859; x_wconf 83' lang='lat' dir='ltr'><strong>Amanum</strong></span> 
     </span>
     <span class='ocr_line' id='line_1_24' title="bbox 107 2893 1076 2977; baseline -0.005 -19"><span class='ocrx_word' id='word_1_167' title='bbox 107 2906 138 2958; x_wconf 89' lang='lat' dir='ltr'><strong>et</strong></span> <span class='ocrx_word' id='word_1_168' title='bbox 160 2897 360 2957; x_wconf 82' lang='lat' dir='ltr'><strong>Antitumum</strong></span> <span class='ocrx_word' id='word_1_169' title='bbox 385 2895 442 2956; x_wconf 86' lang='lat' dir='ltr'><strong>sita</strong></span> <span class='ocrx_word' id='word_1_170' title='bbox 461 2895 599 2977; x_wconf 85' lang='lat' dir='ltr'><strong>planities</strong></span> <span class='ocrx_word' id='word_1_171' title='bbox 625 2895 761 2958; x_wconf 89' lang='lat' dir='ltr'><strong>Comana</strong></span> <span class='ocrx_word' id='word_1_172' title='bbox 786 2897 903 2969; x_wconf 91' lang='lat' dir='ltr'><strong>habuit,</strong></span> <span class='ocrx_word' id='word_1_173' title='bbox 924 2893 1076 2956; x_wconf 81' lang='lat' dir='ltr'><strong>Bellonae·</strong></span> 
     </span>
     <span class='ocr_line' id='line_1_25' title="bbox 107 2992 1059 3078; baseline -0.005 -22"><span class='ocrx_word' id='word_1_174' title='bbox 107 2997 220 3078; x_wconf 89' lang='lat' dir='ltr'><strong>templo</strong></span> <span class='ocrx_word' id='word_1_175' title='bbox 231 2992 426 3054; x_wconf 88' lang='lat' dir='ltr'><strong>memorabile</strong></span> <span class='ocrx_word' id='word_1_176' title='bbox 438 3011 556 3065; x_wconf 91' lang='lat' dir='ltr'><strong>nomen,</strong></span> <span class='ocrx_word' id='word_1_177' title='bbox 570 3003 602 3055; x_wconf 92' lang='lat' dir='ltr'><strong>et</strong></span> <span class='ocrx_word' id='word_1_178' title='bbox 614 2994 768 3076; x_wconf 85' lang='lat' dir='ltr'><strong>Apollinis</strong></span> <span class='ocrx_word' id='word_1_179' title='bbox 781 2993 928 3054; x_wconf 77' lang='lat' dir='ltr'><strong>Cataonia</strong></span> <span class='ocrx_word' id='word_1_180' title='bbox 938 2993 1059 3054; x_wconf 85' lang='lat' dir='ltr'><strong>lanum:</strong></span> 
     </span>
     <span class='ocr_line' id='line_1_26' title="bbox 108 3090 992 3162; baseline -0.003 -7"><span class='ocrx_word' id='word_1_181' title='bbox 108 3093 232 3155; x_wconf 84' lang='lat' dir='ltr'><strong>castella</strong></span> <span class='ocrx_word' id='word_1_182' title='bbox 244 3093 277 3152; x_wconf 93' lang='lat' dir='ltr'><strong>in</strong></span> <span class='ocrx_word' id='word_1_183' title='bbox 290 3090 440 3151; x_wconf 91' lang='lat' dir='ltr'><strong>montibus</strong></span> <span class='ocrx_word' id='word_1_184' title='bbox 452 3092 577 3162; x_wconf 87' lang='lat' dir='ltr'><strong>munita,</strong></span> <span class='ocrx_word' id='word_1_185' title='bbox 596 3092 745 3152; x_wconf 78' lang='lat' dir='ltr'><strong>Azamora</strong></span> <span class='ocrx_word' id='word_1_186' title='bbox 757 3100 789 3152; x_wconf 92' lang='lat' dir='ltr'><strong>et</strong></span> <span class='ocrx_word' id='word_1_187' title='bbox 802 3090 992 3152; x_wconf 84' lang='lat' dir='ltr'><strong>Dastarcum.</strong></span> 
     </span>
    </p>

    <p class='ocr_par' dir='ltr' id='par_1_5' title="bbox 109 3187 1121 3850">
     <span class='ocr_line' id='line_1_27' title="bbox 145 3187 1059 3270; baseline -0.004 -19"><span class='ocrx_word' id='word_1_188' title='bbox 145 3197 196 3252; x_wconf 72' lang='lat'><strong>25.</strong></span> <span class='ocrx_word' id='word_1_189' title='bbox 226 3187 350 3260; x_wconf 89' lang='lat' dir='ltr'><strong>Cilicia,</strong></span> <span class='ocrx_word' id='word_1_190' title='bbox 372 3208 441 3268; x_wconf 74' lang='lat' dir='ltr'><strong>quse</strong></span> <span class='ocrx_word' id='word_1_191' title='bbox 465 3189 629 3254; x_wconf 76' lang='lat' dir='ltr'><strong>vocabatur</strong></span> <span class='ocrx_word' id='word_1_192' title='bbox 648 3188 849 3270; x_wconf 79' lang='lat' dir='ltr'><strong>Cappadociae</strong></span> <span class='ocrx_word' id='word_1_193' title='bbox 876 3188 1059 3270; x_wconf 82' lang='lat' dir='ltr'><strong>praefectura,</strong></span> 
     </span>
     <span class='ocr_line' id='line_1_28' title="bbox 109 3284 1060 3366; baseline -0.004 -18"><span class='ocrx_word' id='word_1_194' title='bbox 109 3286 174 3348; x_wconf 85' lang='lat' dir='ltr'><strong>sede</strong></span> <span class='ocrx_word' id='word_1_195' title='bbox 192 3307 296 3366; x_wconf 75' lang='lat' dir='ltr'><strong>regum</strong></span> <span class='ocrx_word' id='word_1_196' title='bbox 314 3284 472 3346; x_wconf 86' lang='lat' dir='ltr'><strong>nobilitata</strong></span> <span class='ocrx_word' id='word_1_197' title='bbox 485 3285 546 3348; x_wconf 80' lang='lat' dir='ltr'><strong>luit</strong></span> <span class='ocrx_word' id='word_1_198' title='bbox 566 3285 718 3347; x_wconf 82' lang='lat' dir='ltr'><strong>Menaeis:</strong></span> <span class='ocrx_word' id='word_1_199' title='bbox 740 3306 830 3366; x_wconf 90' lang='lat' dir='ltr'><strong>qnam</strong></span> <span class='ocrx_word' id='word_1_200' title='bbox 843 3285 947 3346; x_wconf 90' lang='lat' dir='ltr'><strong>urbem</strong></span> <span class='ocrx_word' id='word_1_201' title='bbox 958 3293 1060 3366; x_wconf 87' lang='lat' dir='ltr'><strong>postea</strong></span> 
     </span>
     <span class='ocr_line' id='line_1_29' title="bbox 111 3379 1061 3465; baseline -0.001 -23"><span class='ocrx_word' id='word_1_202' title='bbox 111 3382 277 3444; x_wconf 71' lang='lat' dir='ltr'><strong>Caesaream</strong></span> <span class='ocrx_word' id='word_1_203' title='bbox 302 3391 446 3444; x_wconf 85' lang='lat' dir='ltr'><strong>vocamut</strong></span> <span class='ocrx_word' id='word_1_204' title='bbox 471 3381 680 3465; x_wconf 88' lang='lat' dir='ltr'><strong>Cappadoces,</strong></span> <span class='ocrx_word' id='word_1_205' title='bbox 707 3383 738 3442; x_wconf 92' lang='lat' dir='ltr'><strong>in</strong></span> <span class='ocrx_word' id='word_1_206' title='bbox 759 3381 912 3442; x_wconf 87' lang='lat' dir='ltr'><strong>dictatoris</strong></span> <span class='ocrx_word' id='word_1_207' title='bbox 934 3379 1061 3441; x_wconf 82' lang='lat' dir='ltr'><strong>Caesaris</strong></span> 
     </span>
     <span class='ocr_line' id='line_1_30' title="bbox 111 3478 1118 3553; baseline -0.006 -12"><span class='ocrx_word' id='word_1_208' title='bbox 111 3481 258 3542; x_wconf 85' lang='lat' dir='ltr'><strong>honorem.</strong></span> <span class='ocrx_word' id='word_1_209' title='bbox 300 3479 412 3541; x_wconf 87' lang='lat' dir='ltr'><strong>Altera</strong></span> <span class='ocrx_word' id='word_1_210' title='bbox 422 3481 549 3553; x_wconf 87' lang='lat' dir='ltr'><strong>urbium,</strong></span> <span class='ocrx_word' id='word_1_211' title='bbox 564 3501 632 3542; x_wconf 90' lang='lat' dir='ltr'><strong>nam</strong></span> <span class='ocrx_word' id='word_1_212' title='bbox 645 3480 841 3541; x_wconf 81' lang='lat' dir='ltr'><strong>duaeomnino</strong></span> <span class='ocrx_word' id='word_1_213' title='bbox 854 3478 973 3539; x_wconf 81' lang='lat' dir='ltr'><strong>fuerunt</strong></span> <span class='ocrx_word' id='word_1_214' title='bbox 983 3480 1059 3539; x_wconf 85' lang='lat' dir='ltr'><strong>anti-</strong></span> <span class='ocrx_word' id='word_1_215' title='bbox 1114 3526 1118 3535; x_wconf 95' lang='lat'>.</span> 
     </span>
     <span class='ocr_line' id='line_1_31' title="bbox 111 3569 1121 3658; baseline -0.002 -22"><span class='ocrx_word' id='word_1_216' title='bbox 111 3579 173 3658; x_wconf 88' lang='lat' dir='ltr'><strong>quis</strong></span> <span class='ocrx_word' id='word_1_217' title='bbox 183 3577 366 3657; x_wconf 89' lang='lat' dir='ltr'><strong>temporibus</strong></span> <span class='ocrx_word' id='word_1_218' title='bbox 378 3575 409 3635; x_wconf 92' lang='lat' dir='ltr'><strong>in</strong></span> <span class='ocrx_word' id='word_1_219' title='bbox 423 3575 631 3658; x_wconf 80' lang='lat' dir='ltr'><strong>Cappadocia,</strong></span> <span class='ocrx_word' id='word_1_220' title='bbox 643 3575 797 3658; x_wconf 84' lang='lat' dir='ltr'><strong>Tyanitidi</strong></span> <span class='ocrx_word' id='word_1_221' title='bbox 811 3574 995 3657; x_wconf 70' lang='lat' dir='ltr'><strong>prefecturae</strong></span> <span class='ocrx_word' id='word_1_222' title='bbox 1007 3595 1060 3635; x_wconf 86' lang='lat' dir='ltr'><strong>no·</strong></span> <span class='ocrx_word' id='word_1_223' title='bbox 1118 3569 1121 3578; x_wconf 74' lang='grc'>’</span> 
     </span>
     <span class='ocr_line' id='line_1_32' title="bbox 112 3669 1060 3756; baseline -0.001 -23"><span class='ocrx_word' id='word_1_224' title='bbox 112 3693 175 3733; x_wconf 89' lang='lat' dir='ltr'><strong>men</strong></span> <span class='ocrx_word' id='word_1_225' title='bbox 192 3673 289 3744; x_wconf 87' lang='lat' dir='ltr'><strong>dedit,</strong></span> <span class='ocrx_word' id='word_1_226' title='bbox 312 3673 379 3753; x_wconf 90' lang='lat' dir='ltr'><strong>ipsa</strong></span> <span class='ocrx_word' id='word_1_227' title='bbox 397 3693 516 3754; x_wconf 89' lang='lat' dir='ltr'><strong>quoque</strong></span> <span class='ocrx_word' id='word_1_228' title='bbox 534 3671 734 3734; x_wconf 88' lang='lat' dir='ltr'><strong>Semiramidis</strong></span> <span class='ocrx_word' id='word_1_229' title='bbox 748 3695 832 3756; x_wconf 90' lang='lat' dir='ltr'><strong>opus.</strong></span> <span class='ocrx_word' id='word_1_230' title='bbox 874 3671 921 3733; x_wconf 93' lang='lat' dir='ltr'><strong>At</strong></span> <span class='ocrx_word' id='word_1_231' title='bbox 935 3673 966 3732; x_wconf 92' lang='lat' dir='ltr'><strong>in</strong></span> <span class='ocrx_word' id='word_1_232' title='bbox 981 3669 1060 3732; x_wconf 88' lang='lat' dir='ltr'><strong>Gar·</strong></span> 
     </span>
     <span class='ocr_line' id='line_1_33' title="bbox 112 3768 1060 3850; baseline 0.002 -22"><span class='ocrx_word' id='word_1_233' title='bbox 112 3769 248 3830; x_wconf 83' lang='lat' dir='ltr'><strong>sauritide</strong></span> <span class='ocrx_word' id='word_1_234' title='bbox 268 3777 373 3850; x_wconf 89' lang='lat' dir='ltr'><strong>postea</strong></span> <span class='ocrx_word' id='word_1_235' title='bbox 384 3768 546 3830; x_wconf 83' lang='lat' dir='ltr'><strong>Archelais</strong></span> <span class='ocrx_word' id='word_1_236' title='bbox 561 3769 630 3843; x_wconf 80' lang='lat' dir='ltr'><strong>fuit,</strong></span> <span class='ocrx_word' id='word_1_237' title='bbox 645 3769 767 3832; x_wconf 89' lang='lat' dir='ltr'><strong>Claudii</strong></span> <span class='ocrx_word' id='word_1_238' title='bbox 787 3769 916 3830; x_wconf 75' lang='lat' dir='ltr'><strong>Caesaris</strong></span> <span class='ocrx_word' id='word_1_239' title='bbox 932 3769 1060 3830; x_wconf 85' lang='lat' dir='ltr'><strong>colonia.</strong></span> 
     </span>
    </p>

    <p class='ocr_par' dir='ltr' id='par_1_6' title="bbox 113 3864 1061 3948">
     <span class='ocr_line' id='line_1_34' title="bbox 113 3864 1061 3948; baseline -0.001 -22"><span class='ocrx_word' id='word_1_240' title='bbox 113 3865 227 3928; x_wconf 71' lang='lat' dir='ltr'><strong>Praeter</strong></span> <span class='ocrx_word' id='word_1_241' title='bbox 239 3864 498 3946; x_wconf 78' lang='lat' dir='ltr'><strong>haspraefecturas</strong></span> <span class='ocrx_word' id='word_1_242' title='bbox 514 3865 633 3927; x_wconf 87' lang='lat' dir='ltr'><strong>luerunt</strong></span> <span class='ocrx_word' id='word_1_243' title='bbox 644 3876 676 3927; x_wconf 91' lang='lat' dir='ltr'><strong>et</strong></span> <span class='ocrx_word' id='word_1_244' title='bbox 688 3867 755 3927; x_wconf 80' lang='lat' dir='ltr'><strong>alios</strong></span> <span class='ocrx_word' id='word_1_245' title='bbox 775 3866 917 3948; x_wconf 91' lang='lat' dir='ltr'><strong>quinque,</strong></span> <span class='ocrx_word' id='word_1_246' title='bbox 933 3865 1061 3927; x_wconf 77' lang='lat' dir='ltr'><strong>bavina-</strong></span> 
     </span>
    </p>
   </div>
   <div class='ocr_carea' id='block_1_3' title="bbox 114 4087 1065 4548">
    <p class='ocr_par' dir='ltr' id='par_1_7' title="bbox 114 4087 1065 4548">
     <span class='ocr_line' id='line_1_35' title="bbox 142 4087 1061 4157; baseline -0.002 -15"><span class='ocrx_word' id='word_1_247' title='bbox 142 4087 155 4124; x_wconf 78' lang='lat'><strong>&#39;²</strong></span> <span class='ocrx_word' id='word_1_248' title='bbox 173 4091 455 4157; x_wconf 58' lang='lat' dir='ltr'><strong>caminensem]</strong></span> <span class='ocrx_word' id='word_1_249' title='bbox 473 4089 516 4142; x_wconf 79' lang='lat' dir='ltr'><strong>Ad</strong></span> <span class='ocrx_word' id='word_1_250' title='bbox 527 4097 567 4143; x_wconf 88' lang='lat' dir='ltr'><strong>to·</strong></span> <span class='ocrx_word' id='word_1_251' title='bbox 601 4089 1061 4156; x_wconf 73' lang='lat' dir='ltr'><strong>Quienimregionesess,dequibnr</strong></span> 
     </span>
     <span class='ocr_line' id='line_1_36' title="bbox 114 4155 1062 4224; baseline 0.001 -20"><span class='ocrx_word' id='word_1_252' title='bbox 114 4155 162 4204; x_wconf 80' lang='lat' dir='ltr'><strong>tiss</strong></span> <span class='ocrx_word' id='word_1_253' title='bbox 178 4157 255 4219; x_wconf 80' lang='lat' dir='ltr'><strong>hujus</strong></span> <span class='ocrx_word' id='word_1_254' title='bbox 272 4155 455 4221; x_wconf 78' lang='lat' dir='ltr'><strong>descriptionis</strong></span> <span class='ocrx_word' id='word_1_255' title='bbox 472 4159 569 4222; x_wconf 70' lang='lat' dir='ltr'><strong>margi·</strong></span> <span class='ocrx_word' id='word_1_256' title='bbox 600 4159 643 4209; x_wconf 86' lang='lat' dir='ltr'><strong>hic</strong></span> <span class='ocrx_word' id='word_1_257' title='bbox 656 4161 712 4224; x_wconf 73' lang='lat' dir='ltr'><strong>agit</strong></span> <span class='ocrx_word' id='word_1_258' title='bbox 725 4155 928 4217; x_wconf 77' lang='lat' dir='ltr'><strong>Freinshemius,</strong></span> <span class='ocrx_word' id='word_1_259' title='bbox 938 4163 1062 4221; x_wconf 78' lang='lat' dir='ltr'><strong>quantum</strong></span> 
     </span>
     <span class='ocr_line' id='line_1_37' title="bbox 115 4221 1063 4286; baseline -0.001 -15"><span class='ocrx_word' id='word_1_260' title='bbox 115 4233 170 4270; x_wconf 71' lang='lat' dir='ltr'><strong>nen</strong></span> <span class='ocrx_word' id='word_1_261' title='bbox 197 4229 334 4272; x_wconf 76' lang='lat' dir='ltr'><strong>anctorum</strong></span> <span class='ocrx_word' id='word_1_262' title='bbox 361 4223 510 4272; x_wconf 78' lang='lat' dir='ltr'><strong>testimonis</strong></span> <span class='ocrx_word' id='word_1_263' title='bbox 540 4231 569 4274; x_wconf 88' lang='lat' dir='ltr'><strong>st</strong></span> <span class='ocrx_word' id='word_1_264' title='bbox 602 4237 637 4274; x_wconf 79' lang='lat' dir='ltr'><strong>ea</strong></span> <span class='ocrx_word' id='word_1_265' title='bbox 653 4223 787 4274; x_wconf 76' lang='lat' dir='ltr'><strong>veteribus</strong></span> <span class='ocrx_word' id='word_1_266' title='bbox 807 4221 958 4272; x_wconf 73' lang='lat' dir='ltr'><strong>auctoribus</strong></span> <span class='ocrx_word' id='word_1_267' title='bbox 976 4221 1063 4286; x_wconf 74' lang='lat' dir='ltr'><strong>colligi</strong></span> 
     </span>
     <span class='ocr_line' id='line_1_38' title="bbox 116 4285 1064 4352; baseline 0.002 -18"><span class='ocrx_word' id='word_1_268' title='bbox 116 4287 570 4352; x_wconf 58' lang='lat' dir='ltr'><strong>macaronesumapremsporir·</strong></span> <span class='ocrx_word' id='word_1_269' title='bbox 603 4295 699 4352; x_wconf 86' lang='lat' dir='ltr'><strong>potest,</strong></span> <span class='ocrx_word' id='word_1_270' title='bbox 719 4295 845 4339; x_wconf 78' lang='lat' dir='ltr'><strong>nceurmc</strong></span> <span class='ocrx_word' id='word_1_271' title='bbox 863 4285 1010 4350; x_wconf 79' lang='lat' dir='ltr'><strong>descriptas</strong></span> <span class='ocrx_word' id='word_1_272' title='bbox 1026 4289 1064 4336; x_wconf 81' lang='lat' dir='ltr'><strong>ri·</strong></span> 
     </span>
     <span class='ocr_line' id='line_1_39' title="bbox 116 4349 1065 4417; baseline 0.003 -20"><span class='ocrx_word' id='word_1_273' title='bbox 116 4349 264 4403; x_wconf 75' lang='lat' dir='ltr'><strong>invenimus.</strong></span> <span class='ocrx_word' id='word_1_274' title='bbox 296 4353 337 4402; x_wconf 79' lang='lat' dir='ltr'><strong>En</strong></span> <span class='ocrx_word' id='word_1_275' title='bbox 352 4351 476 4417; x_wconf 84' lang='lat' dir='ltr'><strong>supplere</strong></span> <span class='ocrx_word' id='word_1_276' title='bbox 496 4353 568 4402; x_wconf 82' lang='lat' dir='ltr'><strong>etin</strong></span> <span class='ocrx_word' id='word_1_277' title='bbox 603 4353 665 4402; x_wconf 81' lang='lat' dir='ltr'><strong>dere</strong></span> <span class='ocrx_word' id='word_1_278' title='bbox 683 4353 763 4409; x_wconf 75' lang='lat' dir='ltr'><strong>volet,</strong></span> <span class='ocrx_word' id='word_1_279' title='bbox 786 4350 859 4403; x_wconf 85' lang='lat' dir='ltr'><strong>edire</strong></span> <span class='ocrx_word' id='word_1_280' title='bbox 880 4349 958 4402; x_wconf 81' lang='lat' dir='ltr'><strong>facile</strong></span> <span class='ocrx_word' id='word_1_281' title='bbox 978 4357 1065 4416; x_wconf 82' lang='lat' dir='ltr'><strong>potent</strong></span> 
     </span>
     <span class='ocr_line' id='line_1_40' title="bbox 116 4417 1065 4484; baseline 0.004 -22"><span class='ocrx_word' id='word_1_282' title='bbox 116 4428 291 4482; x_wconf 69' lang='lat' dir='ltr'><strong>raucaeque</strong></span> <span class='ocrx_word' id='word_1_283' title='bbox 300 4419 372 4467; x_wconf 84' lang='lat' dir='ltr'><strong>tonos</strong></span> <span class='ocrx_word' id='word_1_284' title='bbox 384 4430 507 4466; x_wconf 77' lang='lat' dir='ltr'><strong>revocare</strong></span> <span class='ocrx_word' id='word_1_285' title='bbox 519 4432 570 4467; x_wconf 92' lang='lat' dir='ltr'><strong>non</strong></span> <span class='ocrx_word' id='word_1_286' title='bbox 605 4417 745 4470; x_wconf 78' lang='lat' dir='ltr'><strong>Cellarium</strong></span> <span class='ocrx_word' id='word_1_287' title='bbox 760 4417 859 4482; x_wconf 74' lang='lat' dir='ltr'><strong>Ceogr.</strong></span> <span class='ocrx_word' id='word_1_288' title='bbox 877 4417 967 4484; x_wconf 87' lang='lat' dir='ltr'><strong>Anth.</strong></span> <span class='ocrx_word' id='word_1_289' title='bbox 983 4418 1000 4466; x_wconf 90' lang='grc' dir='ltr'><strong>Ι.</strong></span> <span class='ocrx_word' id='word_1_290' title='bbox 1020 4429 1065 4468; x_wconf 84' lang='lat' dir='ltr'><strong>ru.</strong></span> 
     </span>
     <span class='ocr_line' id='line_1_41' title="bbox 117 4481 678 4548; baseline 0.005 -17"><span class='ocrx_word' id='word_1_291' title='bbox 117 4481 197 4532; x_wconf 77' lang='lat' dir='ltr'><strong>risun</strong></span> <span class='ocrx_word' id='word_1_292' title='bbox 215 4492 256 4534; x_wconf 82' lang='lat' dir='ltr'><strong>ent</strong></span> <span class='ocrx_word' id='word_1_293' title='bbox 273 4497 361 4548; x_wconf 69' lang='lat' dir='ltr'><strong>opera</strong></span> <span class='ocrx_word' id='word_1_294' title='bbox 376 4482 491 4548; x_wconf 80' lang='lat' dir='ltr'><strong>pretinm</strong></span> <span class='ocrx_word' id='word_1_295' title='bbox 502 4496 570 4534; x_wconf 73' lang='lat' dir='ltr'><strong>use·</strong></span> <span class='ocrx_word' id='word_1_296' title='bbox 606 4483 678 4534; x_wconf 78' lang='lat' dir='ltr'><strong>cm.</strong></span> 
     </span>
    </p>
   </div>
   <div class='ocr_carea' id='block_1_4' title="bbox 0 0 1676 5225">
    <p class='ocr_par' dir='ltr' id='par_1_8' title="bbox 0 0 1676 5225">
     <span class='ocr_line' id='line_1_42' title="bbox 0 0 1676 5225; baseline 0 0"><span class='ocrx_word' id='word_1_297' title='bbox 0 0 1676 5225; x_wconf 95' lang='lat' dir='ltr'><strong> </strong></span> 
     </span>
    </p>
   </div>
  </div>
 </body>
</html>
