3300 5225
868 522 904 571 Τ.
929 521 1024 571 tlvn

582 670 633 727 60.
655 664 784 733 Quoties
806 662 898 725 alicui
920 664 1048 725 dixisset
1069 662 1280 747 perduellionis
1301 665 1394 739 diem,
1419 665 1497 727 inter

507 766 511 775 '
535 760 656 843 judices
682 764 745 844 ipse
764 780 883 843 quoque
905 762 1076 842 suffragium
1094 762 1220 824 ferebat.
1262 762 1314 824 Sic
1332 764 1385 844 qui
1405 763 1497 823 semel

541 858 639 921 factus
658 868 737 921 esset
748 879 827 929 reus,
848 858 1024 921 elabebatur
1042 880 1148 921 nemo:
1169 869 1291 941 eratque
1306 860 1497 931 tanmndem,

541 956 724 1037 postulatum
744 956 876 1037 aliquem
892 958 949 1018 hoc
963 956 1091 1036 judicio,
1110 976 1200 1038 quam
1217 958 1387 1018 convictum
1405 966 1498 1038 atque

449 1118 452 1127 ,
540 1052 769 1115 condemnatum
789 1074 863 1115 esse.
906 1054 998 1115 Unde
1016 1053 1115 1115 ceteri
1125 1054 1272 1125 exterriti,
1289 1053 1380 1115 simul
1388 1054 1499 1115 deferri

541 1169 647 1211 nomen
673 1172 758 1212 suum
781 1151 1002 1222 intellexerant,
1029 1151 1059 1212 iu
1080 1151 1205 1212 exilium
1222 1150 1498 1233 proficiscebantur.

542 1245 604 1307 Sed
618 1247 754 1309 Aristion
774 1248 847 1328 luga
862 1248 979 1309 illorum
997 1248 1118 1308 minime
1130 1258 1296 1320 contentus,
1309 1248 1499 1328 sauguinem·

541 1364 599 1424 que
612 1346 725 1416 sitiens,
744 1346 874 1407 terdenis
891 1347 1034 1428 appositis
1051 1346 1205 1418 militibus,
1219 1365 1257 1406 ne
1274 1346 1341 1427 quis
1352 1346 1453 1425 egredi
1464 1366 1500 1407 se

541 1438 635 1503 invito
652 1442 804 1522 ingredive
821 1452 932 1524 posset,
954 1452 1054 1524 portas
1072 1442 1278 1504 custodiebat:
1299 1452 1331 1503 et
1352 1450 1502 1523 quotquot

541 1538 581 1598 ab
595 1539 814 1601 insidiatoribus
827 1542 937 1622 passim
947 1560 1001 1622 per
1016 1560 1104 1620 agros
1118 1540 1270 1621 dispositis
1283 1540 1384 1620 excipi
1392 1548 1500 1620 potue-

540 1643 618 1706 runt,
630 1656 682 1696 eos
699 1636 814 1697 indicta
833 1656 926 1697 causa
940 1630 1131 1699 excruciatae
1142 1636 1291 1718 supplicio
1307 1636 1416 1717 capitis
1434 1634 1500 1695 edi-

539 1731 649 1793 ciebat.
691 1732 754 1795 Sed
774 1742 805 1795 et
824 1735 902 1795 inter
918 1734 985 1814 ipsa
997 1742 1144 1795 tormenta
1161 1733 1248 1793 multi
1267 1734 1501 1802 emoriebantur.

541 1826 620 1889 Cum
630 1831 673 1891 ric
686 1850 805 1912 quoque
818 1831 1006 1912 presentium
1019 1829 1166 1891 malorum
1175 1850 1262 1890 seusu
1275 1830 1371 1889 minas
1383 1830 1501 1911 impone

539 1926 678 1987 dentium.
697 1928 845 1999 vincente,
867 1927 954 1989 multi
972 1928 1176 2009 profugereutz
1197 1927 1295 1987 edixit
1311 1946 1364 2007 per
1382 1946 1501 2007 praroo·

540 2044 619 2095 nem,
642 2032 651 2061 ‘
664 2033 698 2085 ut
708 2024 764 2085 sub
782 2044 922 2086 oceasum
935 2026 995 2086 diei
1008 2024 1089 2085 domi
1105 2044 1169 2085 sure
1181 2024 1307 2105 quiaque
1319 2032 1417 2092 esset:
1441 2043 1502 2084 nec

542 2120 610 2181 inde
622 2132 736 2203 postea,
750 2116 798 2183 vel
811 2143 880 2183 cum
890 2123 1008 2185 laterna
1020 2132 1074 2184 aut
1084 2122 1180 2183 funali
1192 2120 1403 2200 egrederetur?

376 2230 443 2279 Plus.
452 2228 512 2297 syn.
581 2225 633 2279 51.
655 2218 796 2281 Ceterum
809 2219 942 2280 Athenis
953 2220 1031 2282 huuc
1044 2220 1075 2280 in
1088 2218 1209 2281 modum
1222 2219 1262 2279 ad
1274 2217 1502 2279 Mithridsticas

540 2326 640 2397 partes
653 2316 803 2389 adductis,
819 2317 992 2379 Archelaus
1009 2327 1153 2398 tanquam
1164 2337 1232 2377 arce
1243 2315 1315 2378 belli
1328 2336 1409 2388 usus,
1424 2314 1502 2378 alias

376 2418 513 2535 eiiii·
540 2412 1502 2583 ttltittt§mittttltttsdtss

540 2608 595 2668 nisi
608 2608 688 2689 quod
701 2629 762 2671 una
773 2608 1001 2692 Thespiensium
1014 2610 1085 2672 urbs
1098 2607 1284 2670 obsidionem
1299 2608 1364 2690 pati
1384 2605 1501 2669 malue-

378 2715 528 2770 Prummu.
540 2713 596 2766 rat.
639 2705 723 2767 Nam
743 2707 892 2779 Thebani,
915 2708 979 2768 sire
1000 2716 1120 2790 propter
1145 2703 1501 2766 amicitiamAtheuien·

541 2803 628 2876 rium,
643 2804 706 2866 sire
724 2803 848 2865 levitate
861 2804 994 2886 quadam
1011 2805 1188 2877 animorum,
1201 2802 1281 2864 ultro
1299 2803 1435 2884 partibus
1447 2823 1502 2863 ac·

541 2909 700 2962 cesserunt.
1110 2948 1113 2954 .

377 2997 528 3056 Pssumis.
581 2997 739 3060 521nter
764 2999 830 3060 haec
854 2999 1070 3081 Metrophanes
1089 2999 1141 3080 qui
1168 2997 1281 3059 Delum
1305 2997 1502 3078 spoliaverat,

376 3094 484 3162 Appias.
540 3111 609 3152 cum
622 3098 705 3175 regia
714 3097 808 3158 classe
821 3107 957 3176 vagatus,
972 3117 1058 3176 agros
1069 3096 1150 3158 circa
1163 3094 1399 3167 Demetriadem,
1412 3096 1502 3154 item-

541 3211 599 3271 que
621 3193 791 3272 Magnetns,
813 3204 845 3255 et
862 3196 888 3255 si
907 3195 960 3276 qui
977 3196 1031 3256 alii
1048 3193 1281 3255 dominationem
1295 3193 1373 3272 regis
1385 3193 1502 3252 abnue·

541 3287 624 3358 bant,
640 3290 855 3371 populabatur.
897 3291 958 3352 Sed
977 3293 1055 3352 hunc
1080 3292 1216 3352 Bruttius
1236 3290 1326 3360 Sura,
1340 3289 1379 3350 C.
1400 3287 1501 3350 Sentii

299 3440 300 3444 ,
376 3385 441 3436 Plus
452 3385 520 3453 App.
541 3383 753 3448 Macedoniam
765 3389 928 3451 obtinentis
946 3389 1072 3469 legatus,
1086 3409 1156 3450 cum
1175 3387 1279 3469 paucis
1297 3387 1359 3448 suis
1372 3387 1504 3449 naribus

540 3503 704 3563 aggressus,
716 3505 822 3548 navem
836 3508 926 3549 uuam
938 3507 1006 3548 curn
1024 3486 1167 3549 hemiolia
1185 3485 1342 3566 depressit,
1353 3493 1388 3544 et
1398 3503 1503 3544 omnes

540 3583 591 3663 qui
618 3583 664 3642 his
686 3584 882 3657 vehebantur,
909 3587 1095 3667 inspectante
1121 3584 1333 3664 Metrophaue,
1355 3581 1501 3642 concidit.

540 3679 641 3744 Quem
655 3681 801 3742 contentis
821 3682 895 3743 relis
908 3683 1069 3762 lugientem
1082 3682 1291 3761 negotiatores,
1304 3679 1356 3759 qui
1369 3677 1503 3750 crudeli·

541 3783 632 3836 tatem
650 3779 796 3857 regiorum
816 3779 889 3840 Deli
905 3780 1081 3860 effugerant,
1099 3797 1139 3840 ex
1160 3777 1272 3838 insidiis
1291 3774 1401 3846 adorti,
1420 3796 1502 3837 nora

435 3881 444 3930 i
477 3917 484 3934 .
530 3871 628 3934 clade
642 3874 814 3936 effecerunt.
858 3876 1042 3938 Bruttiusad
1057 3875 1213 3936 Sciathum
1226 3871 1353 3933 insulam
1366 3872 1504 3953 appulsis

539 3971 677 4042 navibus,
690 3972 740 4032 ubi
755 3973 922 4054 proedarum
935 3973 1155 4055 receptaculum
1168 3972 1302 4032 barbaris
1319 3979 1398 4040 erat,
1411 3971 1501 4051 oppi-

539 4066 610 4128 dum
623 4073 818 4151 expuguarit
831 4092 930 4134 servos
946 4074 977 4132 iu
991 4092 1111 4133 crucem
1127 4072 1199 4152 egit,
1219 4068 1378 4129 liberorum
1392 4087 1500 4150 ampu-

539 4167 616 4226 tarit
628 4187 741 4227 manus.
1606 4228 1608 4235 .

580 4267 631 4322 63.
654 4261 731 4322 Iudc
752 4264 902 4345 profectus
924 4268 954 4327 in
981 4265 1142 4336 Boeotiam,
1160 4283 1229 4324 cum
1251 4261 1334 4322 mille
1355 4270 1501 4343 praetem

539 4357 690 4418 hominum
703 4362 819 4440 equites
832 4362 1006 4444 peditesque
1018 4384 1056 4424 ex
1069 4359 1253 4422 Macedonia
1262 4359 1303 4420 ad
1312 4379 1380 4419 eum
1393 4379 1502 4440 perve-

408 4479 442 4514 u.
537 4455 666 4528 nisseut;
689 4460 790 4520 ruenti·
805 4461 942 4523 torrentis
966 4463 1059 4524 instar
1081 4458 1248 4531 Archelao,
1272 4458 1370 4540 parvis
1392 4459 1499 4540 00ρὶἰῆ
