3300 5225
827 603 862 651 r.
885 603 983 652 lalvll

421 740 426 748 ’
514 765 579 818 ros,
593 755 645 807 aut
661 744 809 826 negligere
826 749 1012 821 arbitramur,
1036 757 1149 830 quanta
1168 742 1332 832 cupiditate
1350 752 1466 812 externi

512 862 596 921 reges
620 845 826 932 nationesque,
853 847 961 926 quibus
985 849 1052 926 jam
1078 845 1151 907 olim
1173 867 1327 928 pregrure
1348 847 1468 910 ridetur

512 939 569 999 boc
583 940 748 1021 imperium,
762 940 840 1003 hauc
852 943 936 1004 velut
948 963 967 1003 a
981 942 1050 1004 Diis
1062 943 1195 1007 oblatum
1207 946 1392 1007 occasionem
1405 946 1469 1006 sint
1481 941 1486 948 ’

511 1038 665 1130 arreptori.
685 1031 687 1038 ’

553 1143 602 1200 17.
624 1135 876 1218 ‘Antiquissimis
893 1135 997 1218 populi
1010 1135 1143 1199 Romsni
1160 1139 1355 1215 monumentis
1373 1139 1465 1201 undi-
1538 1179 1542 1190 ·

510 1241 574 1295 tum
587 1235 764 1315 accepimns,
778 1254 891 1316 paucas
907 1254 926 1294 a
940 1233 1075 1296 Romulo
1092 1244 1193 1317 raptas
1206 1235 1384 1297 Sabinorum
1398 1257 1465 1298 mu·

510 1332 607 1402 lieres,
629 1351 697 1392 cum
720 1334 750 1392 in
771 1331 871 1393 medie
895 1332 981 1428 Urbe
1002 1333 1071 1394 inde
1091 1342 1191 1415 patres
1208 1353 1275 1394 suos
1287 1333 1464 1417 fratresque,

465 1462 468 1470 ·
509 1429 580 1490 hinc
602 1430 723 1490 maritos
736 1429 885 1492 exitiabili
906 1429 1010 1509 praelio
1031 1428 1175 1492 dimicare
1187 1441 1351 1502 cernerent,
1374 1433 1466 1494 inter·

509 1535 601 1588 ventu
624 1547 678 1587 suo
700 1526 895 1608 precibusque
913 1525 1036 1586 infestas
1053 1525 1201 1587 diremisse
1214 1528 1305 1598 acies,
1319 1528 1466 1610 recipien-

407 1653 415 1666 -
477 1626 480 1630 ’
509 1623 616 1705 disque
629 1624 658 1683 in
671 1625 822 1684 civitatem
837 1623 968 1693 Sabinis,
989 1632 1138 1704 perpetum
1156 1623 1324 1684 concordis
1346 1625 1464 1686 stabili-

508 1721 585 1780 visse
597 1720 714 1801 pignus.
757 1718 845 1780 Idem
857 1739 936 1779 nnnc
949 1739 1046 1800 neque
1068 1739 1179 1800 paucas
1200 1729 1350 1781 matronas
1367 1741 1464 1794 orare,

508 1811 561 1878 sed
575 1816 692 1878 infinite
704 1817 800 1878 millia
812 1815 941 1877 filiarum
954 1837 1145 1897 sororumque
1157 1827 1332 1890 nostrorum,
1346 1840 1420 1900 quas
1432 1821 1464 1881 in

509 1915 697 1976 matrimonio
709 1914 839 1987 habetis,
852 1924 1013 1976 vestrarum
1027 1913 1142 1986 itidem,
1161 1935 1237 1997 quas
1252 1916 1338 1976 nobis
1349 1910 1473 1979 elcese-⁴

508 2014 558 2084 tis,
571 2010 701 2072 credite:
722 2031 818 2092 neque
842 2012 947 2090 majori
970 2031 1061 2091 quam
1084 2021 1147 2071 tum
1168 2013 1263 2094 pretio
1281 2013 1466 2075 redemeritis

508 2129 625 2191 pacem.
659 2108 803 2189 Accipite
815 2109 846 2168 in
858 2110 1012 2169 civitatem
1025 2117 1138 2168 veteres
1150 2112 1255 2182 socios,
1267 2120 1380 2172 veteres
1391 2133 1464 2192 cog·

507 2217 595 2268 natos
606 2215 728 2278 vestros,
739 2227 807 2267 cum
820 2208 934 2288 optimo
943 2225 1063 2288 qnoque
1075 2207 1186 2288 pietate
1199 2210 1230 2268 in
1244 2210 1322 2270 benc
1335 2211 1463 2291 patrium

507 2315 679 2368 certaturos.
805 2318 807 2326 ’

548 2409 599 2464 18.
621 2412 630 2440 ‘
644 2402 718 2464 Hoc
731 2423 789 2463 non
802 2401 892 2463 modo
903 2405 996 2464 nostri
1008 2406 1153 2488 principes
1164 2402 1328 2486 populique
1339 2413 1464 2468 conten·

506 2501 600 2572 dunt:
622 2500 673 2562 sed
692 2517 794 2562 omncs
814 2501 918 2574 ferme,
936 2523 1004 2583 qua
1020 2514 1090 2566 sunt
1109 2525 1164 2587 per
1182 2501 1317 2575 Itulism,
1335 2503 1463 2568 colonico
1531 2539 1537 2547 ·

506 2599 616 2661 civium
629 2599 847 2672 Romanorum,
862 2599 958 2683 plebis
970 2602 1061 2663 etiam
1074 2604 1196 2664 urbanae
1215 2622 1283 2683 pars
1294 2599 1411 2674 melior,
1425 2624 1464 2666 uc

507 2696 589 2777 quod
612 2697 689 2758 inter
711 2718 765 2759 vos
786 2698 932 2780 sepientis
953 2705 985 2759 et
1006 2719 1107 2761 amore
1128 2698 1232 2781 putria
1253 2699 1379 2781 primum
1396 2710 1462 2761 est:

507 2792 653 2875 adeoque,
662 2796 687 2855 si
697 2814 799 2855 verum
809 2815 954 2868 mamus,
959 2796 1026 2875 jam
1036 2796 1264 2878 prejudicatum
1272 2803 1345 2855 esta
1356 2797 1464 2876 majori

506 2900 590 2971 perte
606 2890 894 2962 Romani‘nominis3
917 2912 972 2954 nec
989 2891 1082 2954 ferme
1103 2894 1161 2953 nisi
1182 2892 1270 2974 pauci
1288 2892 1413 2972 maligni
1429 2904 1463 2955 et

505 2988 611 3060 invidi,
625 2997 656 3048 et
669 2989 707 3049 ab
721 2988 766 3047 his
779 2987 888 3048 deinde
900 2987 1028 3050 aliorum
1039 2989 1167 3072 decepte
1180 2986 1339 3049 multitudo
1352 3010 1461 3072 repug-

505 3080 567 3147 nat.
610 3085 731 3146 Horum
752 3086 899 3167 pronitate
916 3086 1058 3147 effectum
1075 3096 1130 3162 est,
1144 3096 1178 3148 ut
1195 3107 1242 3147 res
1259 3086 1329 3147 olim
1345 3088 1462 3166 agitata

505 3183 617 3265 perfici
630 3170 807 3263 nequiverit,
830 3204 925 3264 eoque
940 3186 1007 3263 jam
1029 3184 1161 3247 deductu
1183 3186 1222 3246 sit
1244 3183 1315 3257 loci,
1337 3194 1382 3257 nt,
1402 3187 1461 3247 nisi

504 3290 604 3343 vestra
625 3280 782 3363 prudentia
802 3282 959 3356 obstiterit,
977 3292 1077 3364 putres
1095 3284 1264 3365 conscripti,
1285 3282 1460 3364 propediem

504 3380 592 3460 longe
608 3380 737 3440 atrocius
754 3398 875 3441 sensura
887 3380 999 3440 bellum
1017 3382 1057 3441 sit
1073 3380 1177 3452 ltoliu,
1195 3401 1286 3461 quam
1306 3388 1360 3440 aut
1376 3380 1459 3462 Pyr·

503 3478 573 3539 rhus
592 3478 676 3549 olim,
695 3486 749 3538 aut
766 3487 871 3559 postea
890 3478 1151 3558 Carthaginienses
1167 3476 1336 3539 intulerunt.

545 3582 593 3637 19.
616 3586 624 3612 ⁴
638 3575 757 3636 Horum
771 3576 942 3638 infelicibus
955 3576 1148 3657 nefandisque
1160 3576 1274 3636 artibus
1284 3585 1317 3635 et
1325 3573 1461 3635 Grsoclri

499 3672 574 3743 'duo,
591 3684 622 3734 et
639 3694 733 3755 nuper
749 3673 929 3735 clarissimus
944 3674 1077 3753 juvenis,
1095 3682 1127 3735 et
1144 3674 1193 3735 cui
1212 3693 1298 3754 pares
1316 3672 1475 3760 Romana

503 3772 609 3832 civiter
623 3792 786 3853 perpaucos
799 3772 879 3846 tulit,
894 3774 923 3831 in
943 3780 1132 3833 sacrosancto
1149 3772 1324 3850 magistratu
1343 3771 1461 3832 occisus

503 3878 557 3927 est.
601 3868 656 3928 Ab
673 3868 788 3941 iisdem,
803 3890 864 3950 quo
881 3890 949 3950 spes
965 3870 1061 3930 omnis
1079 3867 1258 3950 impetrandi
1273 3870 1358 3948 juata
1369 3868 1461 3928 sociis

503 3966 607 4026 vestris
628 3964 720 4026 semel
741 3968 913 4046 eriperetur,
934 3965 1050 4027 nefaris
1067 3967 1117 4027 lex
1137 3966 1310 4046 excogitata
1326 3973 1382 4035 est,
1404 3984 1461 4045 per

504 4082 606 4144 quam,
617 4084 653 4123 ne
668 4064 717 4123 cui
730 4062 856 4123 dubium
868 4064 947 4124 foret
958 4064 1063 4144 quales
1076 4063 1121 4125 illi
1133 4065 1216 4125 cives
1227 4063 1290 4145 pati
1300 4062 1459 4134 nescirent,

503 4162 681 4221 sanctissimi
700 4160 933 4243 amplissimique
952 4162 1020 4235 viri,
1039 4170 1196 4223 assertores
1213 4158 1460 4242 amplificatores·

503 4278 562 4337 que
582 4259 670 4338 hujus
690 4260 817 4340 imperii,
839 4269 1014 4321 ornamenta
1036 4260 1115 4320 urbis
1145 4280 1182 4320 uc
1211 4266 1342 4329 senatus,
1364 4248 1476 4344 exilius

503 4357 640 4417 mulctati
653 4366 738 4417 sunt:
753 4359 869 4429 ceteris,
884 4369 917 4417 ut
926 4359 992 4437 quis
1004 4361 1112 4418 virtute
1126 4367 1216 4438 atque
1227 4355 1373 4434 dignitate
1384 4374 1461 4436 prae·

504 4454 600 4527 cellit,
612 4454 690 4515 idern
705 4455 882 4547 periculum
906 4457 991 4517 nobis
1012 4464 1146 4537 apertum
1167 4452 1280 4516 bellum
1299 4450 1459 4514 denuntia·
