3300 5225
409 546 512 594 ciani
538 546 679 595 xcvrrr.
701 546 1028 598 surrnannnnnn.
1187 532 1277 599 4849

158 698 219 749 mm
245 687 348 759 dedit:
372 689 509 770 bonoque
530 688 628 751 anirno
654 702 720 751 ease
737 693 868 771 jussum,
897 690 937 751 ad
965 689 1114 773 parandae
1124 702 1249 753 Memnon.

34 868 40 875 η
158 787 236 847 alias
252 788 355 868 copias
371 787 543 867 bellumque
563 787 767 847 resumendum
786 786 983 849 confirmarit.

200 892 251 946 51.
274 884 358 948 Inter
372 885 448 956 heac,
461 904 576 946 reverso
590 884 628 945 ad
640 884 854 965 Tigranocerta
868 885 1006 958 Lucullo,
1020 886 1111 947 Man·
1123 897 1189 947 Plot.

157 1002 240 1043 carus
253 980 368 1042 Graecis
384 980 528 1043 militibus
547 982 743 1053 mercenariis,
757 982 838 1063 qnod
855 992 1008 1065 suspemos
1019 983 1114 1043 habe-
1125 996 1233 1064 Δρρὶιιι.
1269 1001 1274 1021 ¹

159 1088 216 1150 ret,
232 1099 315 1139 arma
327 1078 448 1139 ademit.
483 1078 574 1139 Unde
587 1078 633 1139 illi
648 1080 800 1141 acerbiora
811 1081 911 1151 veriti,
921 1080 985 1141 dies
997 1089 1113 1141 noctes·
1143 1097 1148 1109 ·

159 1200 220 1259 que
233 1178 403 1256 congregati
415 1178 641 1257 permanebant,
663 1176 791 1239 insubus
813 1198 960 1238 armorum
978 1178 1045 1239 loco
1065 1198 1113 1237 ar·

159 1274 263 1355 reptis.
306 1273 426 1335 Idcirco
445 1273 603 1335 Manooeus
619 1294 688 1335 oum
709 1276 831 1335 armatis
851 1276 883 1335 in
902 1296 955 1335 eos
971 1276 1114 1356 impetum

159 1372 365 1443 reniterentur
386 1392 504 1452 prorsus
524 1372 687 1453 inopinato.
730 1370 765 1432 N
767 1389 888 1453 amque,
899 1372 1023 1433 brachia
1033 1380 1116 1433 veste

159 1468 305 1530 obvoluta
317 1468 489 1549 clypeorum
502 1468 597 1529 vicem
611 1468 794 1547 objicientes,
814 1468 944 1530 fustibus
958 1467 1039 1529 baud
1059 1470 1115 1527 ima

161 1569 244 1647 pigre
260 1586 293 1627 se
318 1565 531 1635 delendoruntr
560 1566 784 1647 occisorumque
810 1568 1002 1629 barbarorum
1026 1568 1116 1628 armis

159 1664 299 1725 celeriter
321 1666 397 1723 inter
414 1684 446 1723 se
467 1662 580 1747 divisis,
603 1666 773 1725 maeniorum
792 1674 906 1747 partem
922 1674 1115 1747 occuparunt.
1126 1674 1278 1741 Digna.

161 1760 243 1821 (lum
256 1762 293 1821 iis
305 1780 413 1840 magna
422 1780 540 1841 qnoque
551 1760 801 1842 parsGroeoorum
811 1762 914 1823 urbem
923 1762 1115 1823 incolentium

160 1858 320 1918 sentiebat
362 1857 411 1917 Ea
423 1857 570 1919 discordia
579 1856 727 1918 Romanis
739 1858 842 1919 urbem
854 1858 981 1940 apernit,
994 1859 1114 1919 tbeaau·
1126 1875 1251 1926 Memnon.

160 1976 269 2036 rosque
282 1956 369 2033 regis,
382 1964 415 2016 et
425 1955 550 2015 alicmm
562 1954 757 2036 amplissimas
773 1976 846 2037 opes
857 1955 991 2017 tradidit.
1033 1956 1118 2019 Octo
1126 1940 1193 1991 ΡΜ·

161 2052 260 2113 millia
274 2052 439 2113 utentum*
461 2054 585 2132 signatae
606 2053 740 2135 peoumaa
763 2052 886 2113 inventa
910 2062 990 2113 aunt.
1032 2053 1117 2115 Urbs

161 2149 332 2231 diripienda
343 2148 487 2210 militibus
498 2149 583 2221 data,
597 2158 628 2210 et
640 2150 758 2230 insuper
769 2146 920 2209 distributi
937 2150 968 2211 in
984 2150 1119 2229 singulos
1241 2213 1247 2223 „
1268 2204 1279 2215 ,.

162 2247 279 2309 denarii
294 2248 476 2327 octingenti.¹
520 2246 613 2307 Multi
635 2248 747 2309 scenici
767 2246 899 2309 artificas
915 2248 998 2329 capti
1019 2258 1117 2320 erant,
1240 2261 1253 2339 Ἰ
1274 2255 1279 2350 j

163 2366 240 2426 quos
252 2346 291 2406 ad
304 2344 504 2407 dedicandum
515 2345 661 2405 theatrum
673 2344 817 2424 Tigranes
829 2354 1030 2407 coacuerat.
1072 2345 1119 2407 Iis

164 2442 310 2504 Lucullus
335 2442 374 2503 ad
398 2438 485 2503 ludos
509 2444 642 2503 victoria
666 2462 728 2503 mm
752 2462 821 2503 usus
851 2452 905 2503 est.
957 2442 1118 2505 convenas

162 2540 273 2602 deinde
292 2540 440 2601 variarum
461 2542 603 2621 gentium,
623 2541 731 2622 quibus
748 2540 894 2620 Tigranes
909 2541 1013 2602 urbem
1032 2562 1117 2603 suam
1145 2556 1272 2607 suetan.

163 2638 415 2718 frequentaverat,
433 2640 463 2700 in
478 2659 562 2701 suam
575 2659 709 2720 quosque
721 2639 849 2720 patriam
861 2639 985 2711 dimisit,
999 2639 1118 2702 Grecis
1129 2627 1224 2737 ᾖξ’·

163 2738 256 2798 etiam
268 2737 380 2798 viatico
392 2736 475 2798 dato.
516 2737 578 2810 Ita,
597 2740 683 2818 cnjus
705 2738 786 2798 urbis
806 2738 1021 2798 incrementum
1039 2739 1118 2798 mul-

164 2841 263 2894 tarum
287 2833 411 2896 aliannn
433 2833 519 2895 ruina
540 2834 647 2906 luerat,
673 2833 808 2914 ejusdem
830 2835 964 2896 interitus
988 2836 1117 2896 vicissim

164 2931 235 2992 illae
250 2951 360 3011 magna
375 2951 414 2992 ex
432 2939 516 3013 parte
532 2933 685 2994 recreavit
745 2999 749 3008 .

208 3035 259 3090 52.
281 3028 403 3089 Interea
414 3049 497 3108 reges
509 3049 616 3108 magna
627 3049 701 3092 cura
712 3028 847 3089 nationes
858 3028 998 3090 obeundo
1009 3046 1120 3093 novum
1130 3039 1239 3104 Appiam

165 3126 333 3188 exercitum
345 3125 538 3204 colligebant,
551 3144 694 3186 summam
701 3145 810 3196 rerum,
820 3127 963 3207 permissu
972 3125 1119 3206 Tigranis,
1132 3139 1257 3188 Memnon.

168 3226 199 3284 in
218 3243 251 3284 se
273 3223 432 3304 recipiente
457 3221 645 3294 Mithridate,
670 3223 751 3303 quod
774 3224 875 3283 animo
900 3243 937 3284 ac
962 3224 1121 3305 prudentia

168 3329 318 3401 prestare,
336 3329 370 3380 et
380 3317 452 3380 belli
463 3329 567 3380 contra
580 3317 735 3380 Romanos
747 3318 869 3398 gerendi
881 3340 936 3401 per
946 3319 1072 3382 adversa
1083 3341 1121 3382 ac

167 3437 309 3499 prospera
320 3418 440 3499 peritior
451 3417 625 3478 habebatur.

210 3521 261 3575 53.
283 3513 373 3574 lllisit
386 3513 477 3574 etiam
488 3512 632 3592 Tigranes
645 3513 685 3574 ad
697 3513 873 3586 Phraatem,
886 3515 939 3594 qui
954 3513 1039 3576 Dens
1049 3533 1121 3593 cog·
1132 3519 1191 3570 Dio.

168 3613 336 3672 nominatus
360 3631 453 3692 nuper
479 3609 630 3672 Sinatruoi
654 3620 864 3672 successerat·
906 3610 1007 3672 ‘Cum
1037 3585 1258 3716 patrem

1133 3713 1241 3779 Appias.

202 3794 215 3829 ⁸
233 3796 294 3845 Octo
305 3793 381 3844 millia
389 3792 518 3858 taleam]
530 3793 628 3846 ldarere
665 3793 735 3858 piacl
752 3801 781 3844 et
792 3793 899 3856 Dionis,
913 3801 968 3844 tom
978 3808 1012 3843 ex
1024 3794 1122 3858 episto·
1134 3780 1195 3829 135⁰·

169 3875 199 3912 ar
218 3862 272 3909 enti
283 3863 390 3910 tototo-
409 3859 481 3909 Creo.
663 3859 690 3909 la
701 3859 864 3909 Mlthridatis
873 3859 907 3908 ad
916 3858 1123 3923 Arsacem,(Ar·

227 3925 329 3976 nacta·
354 3921 498 4000 mtisgmti]
531 3923 629 3974 Marem
665 3937 738 3974 aroer
761 3937 899 3975 commune
920 3925 1035 3974 omnium
1056 3925 1123 3974 Par·

170 3989 630 4117 ''wiletrzfrlfftzm
666 3987 1124 4119 {triturarentur

171 4120 461 4183 macresceret]
470 4119 590 4168 Uenerius
602 4119 629 4166 in
665 4119 776 4168 eundem
804 4133 864 4169 erae
901 4119 928 4168 oi
949 4125 1010 4169 anta
1030 4132 1124 4168 roseo·

170 4187 267 4238 Aunrt.
283 4185 316 4233 ad
335 4198 430 4234 annam
448 4183 537 4234 mnndi
555 4187 630 4233 tuto.
664 4185 745 4239 niam,
765 4197 824 4234 cum
841 4183 882 4233 Mi
913 4184 1008 4234 rideres
1018 4183 1124 4233 tortium

171 4248 396 4302 Sinatruoemlroo
410 4249 550 4298 etiamnum
562 4261 630 4298 anno
666 4249 1039 4300 adrerrnsllomaoorbellurn
1054 4249 1125 4298 loca·
1237 4287 1254 4312 2

169 4321 348 4381 regnasse,et
364 4313 398 4363 ad
413 4315 630 4376 enmbanclega·
666 4321 752 4379 perat,
774 4327 882 4376 regnum
909 4314 1066 4364 Parthorum
1085 4320 1125 4362 to·

172 4384 271 4432 tionem
290 4379 393 4429 rnissrrn
412 4393 469 4428 rere
486 4379 631 4429 existimat.
666 4379 762 4430 nnertt.
785 4379 840 4428 ‘Te
852 4379 1125 4443 rememorantem·

172 4447 206 4498 ld
219 4445 314 4514 probat
332 4454 387 4496 turn
401 4443 556 4495 auctoritate
576 4443 632 4510 Ap·
666 4445 741 4496 uibus
759 4443 816 4496 aliis
833 4443 965 4508 obnoxiis,
976 4445 1073 4496 bellora
1084 4451 1124 4493 ta-
