3300 5225
419 541 525 591 arani
551 543 585 591 c.
607 539 935 590 suernnunnrun.
1158 517 1247 586 4887

120 685 235 746 actioni
247 684 356 746 favisse
369 705 490 766 quoque
506 683 545 746 0.
558 683 715 746 cornelius
728 684 901 766 putabatur.
944 681 1025 743 Cum
1041 703 1088 743 res
1117 683 1224 754 cia'pro

124 805 180 865 per
191 783 351 844 tumultum
365 791 511 862 ageretur,
525 791 557 842 et
568 781 660 843 factio
680 781 790 842 tribuni
810 781 924 841 clivum
938 780 1087 861 Capitoli·
1101 753 1246 869 {lffinm'

124 901 197 940 num
210 880 372 952 obsideret,
386 879 423 940 L.
439 879 590 940 Domitius
603 879 824 939 Ahenobarbus
844 888 973 959 quantor
986 898 1087 958 perru-
1100 883 1158 936 mu.
1167 898 1190 936 e.
1200 886 1227 935 a.

126 978 173 1058 pit
183 997 219 1038 ac
227 977 346 1056 disjecit
359 997 462 1056 agmen
474 997 483 1046 3
498 976 656 1058 multisque
668 975 902 1036 Manilianorum
912 975 1087 1047 interiectis,

126 1073 210 1156 plebi
223 1083 347 1145 metum,
361 1074 494 1154 patribus
508 1074 639 1132 animum
653 1071 821 1133 addiderat.

42 1167 44 1170 ’
170 1177 201 1232 3.
223 1171 319 1251 Igitur
331 1179 462 1242 senatus,
481 1170 622 1252 postridie
635 1169 736 1230 statim
750 1189 842 1250 quam
859 1168 996 1230 consules
1014 1169 1087 1230 inie·
1101 1171 1161 1222 Dio.

128 1278 209 1340 runt,
235 1268 300 1347 lege
323 1267 476 1338 damnata,
494 1267 614 1327 tribuno
635 1275 749 1326 tantum
770 1267 894 1327 incussit
912 1275 1037 1337 metum,
1056 1273 1091 1326 ut

128 1365 226 1447 primo
239 1365 314 1444 legis
326 1372 476 1424 auctorem
492 1363 539 1424 M.
555 1363 696 1424 Crassum
717 1363 804 1423 luisse
817 1361 941 1436 diceret,
953 1372 996 1435 et,
1009 1372 1090 1445 post-

130 1483 222 1544 quam
244 1462 275 1522 id
296 1460 438 1524 credebat
457 1482 557 1531 nemo,
576 1462 639 1543 ipse
662 1481 781 1543 quoque
806 1463 951 1542 abjiceret
975 1461 1081 1540 legem.

1082 1534 1249 1586 ·Ascon.in
1320 1555 1326 1562 ’

132 1559 195 1620 Sed
221 1579 280 1640 quo
307 1557 465 1619 firmiorem
492 1559 551 1618 sibi
577 1566 763 1639 compararet
782 1567 951 1641 pauonum,
975 1558 1091 1620 adulam
1105 1599 1181 1652 cm

131 1658 314 1739 Pompeium
327 1657 417 1716 etiam
437 1657 563 1718 invitum
585 1676 621 1716 ac
642 1657 826 1736 ignorantem
844 1658 953 1737 coepitr
974 1677 1043 1718 cum
1060 1659 1091 1717 in
1104 1665 1165 1717 Dio.

131 1774 243 1834 magna
262 1753 342 1836 apud
360 1773 428 1814 eum
449 1755 547 1831 gratia
570 1753 736 1814 Gabinium
754 1773 818 1816 esse
840 1763 984 1828 cerneret,
1005 1758 1092 1836 cujus

132 1852 286 1931 rogatione
312 1853 491 1913 maritimum
519 1851 675 1934 imperium
699 1850 797 1912 fuerat
819 1852 956 1933 adeptus.
1007 1828 1272 1958 Νιιιιι140θῖξῇᾗῇΙ

133 1947 231 2020 illum,
244 1949 332 2009 simul
346 1951 479 2011 abluerat
497 1950 662 2021 tribunatu,
684 1948 851 2032 Pompeius
862 1959 898 2009 ut
908 1950 966 2009 sibi
977 1949 1091 2029 legare-
1105 1963 1176 2012 als.
1238 2006 1242 2020 ,

132 2053 182 2105 tur
196 2047 371 2128 postularat.
393 2046 514 2108 [dcirco
527 2047 624 2126 legem
639 2046 677 2106 G.
692 2046 849 2118 Manilius,
864 2045 979 2109 venalis
989 2046 1094 2107 aliene
1105 2055 1259 2106 vellanta.
1285 2062 1290 2072 “

134 2145 276 2224 potentia
289 2145 432 2216 minister,
446 2143 484 2204 de
505 2144 629 2225 imperio
649 2143 790 2223 Pompeii
812 2143 892 2215 tulit,
905 2152 915 2180 ⁴
927 2153 962 2204 ut
975 2162 1094 2203 manen·
1105 2121 1261 2250 Pk'ssffll·

134 2239 216 2298 tibus
228 2259 296 2320 quae
310 2239 445 2300 Gabinia
465 2239 516 2300 lex
533 2239 674 2310 dedisset,
695 2238 807 2300 Cilicia
826 2249 859 2299 et
872 2238 1016 2321 Bithynia
1027 2260 1095 2321 pro·
1108 2251 1222 2300 Mittas.

133 2335 255 2409 rincioe,
276 2337 449 2418 bellumque
470 2345 573 2398 contra
592 2336 751 2415 Tigranem
772 2345 862 2416 atque
889 2335 1095 2398 Mithridatem
1107 2314 1258 2444 3³2·qu

136 2451 232 2512 reges,
257 2433 473 2512 adjicerentur:
508 2435 611 2514 utique
634 2432 787 2514 imperium
813 2435 845 2492 in
871 2453 972 2494 omnes
993 2433 1097 2514 populi
1108 2444 1217 2510 Appias.

136 2527 272 2591 Romam
285 2531 434 2591 exercitus
447 2537 534 2589 extra
544 2529 667 2590 Italiam
681 2529 821 2590 haberet:
843 2531 947 2610 utique
954 2532 1007 2609 jus
1019 2531 1047 2590 ei
1060 2551 1098 2591 ac

137 2636 270 2709 potestas
279 2636 367 2700 esset,
381 2648 582 2709 quoscumque
602 2628 631 2688 ei
646 2626 806 2699 videretur,
820 2626 870 2687 vel
884 2628 983 2689 hostes
994 2630 1100 2711 populi

137 2725 272 2786 Romani
279 2723 449 2804 judicandi,
460 2725 508 2786 rel
522 2726 619 2785 socios
629 2722 802 2797 asciscendi,
813 2723 908 2786 sicut'
920 2727 1099 2807 erepublica

136 2820 578 2883 etruafideessecensuisset!
761 2804 764 2813 ¹

180 2926 212 2979 4.
234 2918 404 2979 Maximam
417 2940 454 2979 ea
466 2919 581 2998 rogatio
594 2918 760 2981 nobilitatis
770 2918 1002 2999 indignationem
1014 2923 1097 2982 exci-
1110 2910 1242 3027 lss'lutsslft‘·

137 3017 237 3077 tavit:
258 3036 325 3096 qua·
338 3014 500 3076 Gabiniam
509 3036 628 3096 quoque
637 3015 733 3095 legem
746 3018 897 3096 aegerrime
907 3038 1006 3098 passa,
1018 3018 1098 3099 quod
1111 3042 1171 3093 Dio.
1185 3012 1193 3029 ‘

138 3132 231 3195 supra
250 3120 416 3173 ceterorum
435 3112 639 3192 aequalitatem
658 3113 781 3172 nimium
802 3114 899 3173 efferri
920 3114 1098 3196 Pompeium

140 3209 277 3282 ridebat,
291 3230 370 3271 nuno
384 3208 474 3291 plane
488 3209 640 3269 dominum
660 3210 772 3289 imponi
790 3210 955 3270 cervicibus
971 3213 1033 3272 suis
1044 3233 1098 3273 ex-

139 3306 305 3367 istimabat
347 3305 422 3366 Hoc
440 3307 570 3366 maxime
591 3305 722 3377 stimulo,
739 3326 909 3387 quanquam
928 3316 960 3369 et
980 3308 1099 3371 Luculli
1129 3306 1198 3356 Plut.

141 3404 263 3483 injuria,
277 3412 308 3463 et
320 3402 496 3463 Glabrionis
514 3402 680 3483 Regisque,
701 3405 808 3483 quibus
826 3414 895 3465 ante
907 3416 1023 3488 tempus
1035 3406 1098 3467 adi·
1112 3370 1205 3486 fflffl'

142 3503 302 3562 mebantur
325 3500 495 3582 provinciae,
514 3502 654 3561 commoti
675 3510 783 3583 patres,
797 3511 899 3563 mutuo
911 3524 942 3564 se
963 3506 1099 3566 cohorta-
1110 3499 1266 3567 PluaPonp.

139 3600 262 3670 bantur,
276 3607 310 3658 ut
320 3598 390 3658 huic
400 3598 546 3677 rogationi
559 3600 734 3659 resisterent.
777 3598 838 3660 Sed
851 3601 905 3662 nbi
915 3603 1117 3663 comitiorum

141 3696 210 3757 dies
222 3695 319 3767 affuit,
330 3704 361 3756 et
374 3696 497 3755 incitata
509 3696 612 3777 populi
625 3696 763 3758 voluntas
778 3700 975 3759 constantiam
994 3719 1101 3759 excus-
1113 3675 1266 3806 ἑὲᾝῃ

143 3800 243 3862 seiat3
266 3802 371 3876 praeter
390 3793 432 3859 Q.
447 3792 591 3853 Catulum
604 3803 636 3853 et
654 3794 696 3860 Q.
711 3792 918 3866 Hortensium,
938 3797 990 3875 qui
1005 3796 1100 3857 Gabi·
1113 3822 1137 3856 c.
1150 3809 1189 3858 lt.

144 3890 228 3951 niam
252 3911 371 3971 quoque
394 3889 489 3971 legem
512 3889 721 3962 dissuaserunt,
743 3912 796 3953 ora
817 3912 918 3953 omnes
935 3902 1101 3957 tenuemnt

145 3987 191 4053 Q.
206 3986 333 4048 Catulus
350 3985 444 4047 multa
463 3987 589 4057 locutus,
611 4008 678 4048 cum
695 3998 828 4049 moveret
848 3990 1005 4063 nemiuem,
1024 4013 1103 4074 saepe
1115 4000 1183 4051 Ptot.

144 4084 331 4145 exclamarit
344 4082 383 4143 sd
396 4093 493 4165 patres
513 4104 679 4159 conversus,
704 4095 713 4121 ‘
728 4087 918 4165 quaerendam
931 4108 993 4148 esse
1006 4109 1102 4150 arcem

181 4312 194 4359 1
206 4308 250 4359 lta
260 4308 320 4359 edd.
333 4309 410 4361 Creu.
422 4324 454 4359 ex
465 4309 579 4375 Appian.
590 4278 740 4373 Legebatnr
751 4317 906 4375 anteeant,
916 4314 1105 4368 mmmm

145 4376 228 4441 populi
240 4374 346 4426 Romi
354 4376 615 4443 exanimaremur,
622 4376 694 4437 sicut,
706 4380 748 4443 tr.
