3300 5225
392 535 494 585 urnnr
521 534 627 585 xovr.
649 534 975 585 surruuunu'ruu.
1147 517 1236 583 4805
1309 546 1321 565 ·

118 688 216 757 geret,
231 698 345 761 semper
365 678 441 739 elios
462 680 502 739 eb
520 678 588 739 eliis
610 678 798 759 disjunxerit,
814 697 852 739 ne
871 679 998 740 invicem
1016 698 1073 759 ope

118 774 254 847 ferende,
273 776 426 837 imminens
445 776 580 837 omnibus
591 777 711 856 jugum,
734 776 820 837 unius
836 775 979 857 periculo,
991 794 1073 837 com·

119 874 205 933 muni
230 873 397 946 commodo,
420 882 597 935 everterent.
639 872 692 935 lte
710 872 843 943 desertos
859 874 1073 953 destitutusque

117 972 234 1053 cepisse
258 972 399 1052 singulos,
421 981 455 1034 ut
476 973 580 1034 horum
600 972 741 1055 deinceps
763 973 852 1033 ermis
872 993 908 1033 ec
929 973 1073 1053 sauguine

117 1069 212 1129 etiem
233 1068 349 1149 longius
363 1068 479 1131 dedus
497 1069 728 1151 eggrederetur.⁵
772 1068 824 1131 Sic
841 1068 963 1129 Iteliem
978 1070 1074 1151 primo

118 1166 267 1247 redegisse
293 1168 347 1227 nub
372 1188 440 1229 sues
462 1168 560 1247 legesz
584 1188 653 1229 mox
675 1167 767 1228 veriis
785 1165 935 1227 coloribus
951 1165 1072 1238 insulae

116 1262 230 1323 deinde
253 1262 402 1325 Africam.
445 1263 604 1325 Postremo
626 1264 741 1343 mugnis
766 1264 904 1324 euctibus
928 1262 1073 1323 Mecedo·

117 1362 212 1432 niem,
234 1360 396 1433 Achaiam,
415 1362 524 1423 Asiem
537 1362 711 1427 accessisse:
732 1381 854 1441 remque
866 1380 903 1421 eo
914 1345 1073 1422 deductum

117 1478 195 1529 esse,
208 1465 243 1518 ut
254 1458 340 1519 multi
356 1478 450 1539 reges,
469 1468 611 1540 tenquem
625 1479 678 1541 pro
697 1458 808 1537 ingenti
820 1455 979 1527 beneficio,
992 1456 1074 1538 quod

116 1576 179 1616 non
193 1548 261 1615 ente
273 1564 438 1638 supremem
450 1555 530 1617 diem
540 1558 623 1618 exuti
633 1556 741 1617 luerint
753 1556 860 1637 opibus
872 1556 943 1628 nnis,
956 1554 1073 1616 haerede

118 1652 234 1733 populo
246 1650 388 1714 Romano
399 1653 587 1715 decesserint.

159 1754 212 1812 27.
235 1747 354 1810 ‘Tente
365 1751 497 1830 potentie
515 1759 620 1812 suctos
633 1748 799 1822 Romenos,
813 1769 872 1810 non
888 1743 956 1828 jem'
968 1768 1073 1809 curere

118 1854 299 1925 prsetextum
312 1866 469 1919 ermonem,
482 1854 514 1907 et
525 1846 635 1909 decore
647 1847 783 1916 nomine:
804 1846 859 1917 sed
869 1846 942 1905 setis
954 1845 1072 1917 hebere,

117 1944 143 2003 si
171 1943 338 2023 quemlibet
360 1944 469 2034 injuste
491 1944 584 2024 egisse
604 1943 721 2015 crediti,
752 1944 893 2026 eppetitis
913 1945 1072 2025 potemur.

119 2039 206 2107 Quid
220 2040 298 2100 enim
309 2040 365 2100 sibi
379 2060 464 2121 pone
477 2041 639 2122 imputeril
658 2041 744 2121 cujus
766 2042 910 2122 patientie
928 2042 1074 2102 meximes

118 2136 315 2199 contumelias
335 2136 424 2198 simul
445 2139 626 2219 injuriesque
645 2137 810 2220 pertulerit,
829 2156 890 2218 quo
909 2138 1074 2218 insignitior

118 2233 250 2294 hostium
263 2233 403 2314 iniquitas
415 2232 509 2295 ficret.
547 2232 645 2315 Igitur
656 2254 710 2316 pro
721 2255 753 2295 se
766 2254 1017 2314 unumquemque,
1029 2244 1072 2305 et,

119 2338 236 2411 quanto
248 2332 315 2411 quis
326 2331 367 2391 sit
378 2332 534 2413 potentior,
545 2338 629 2391 tento
641 2332 802 2413 impensius
814 2330 870 2391 niti
881 2338 1027 2411 oportere,
1039 2340 1073 2391 ut
1198 2333 1202 2342 ’

118 2426 151 2487 hi
172 2446 343 2487 communes
361 2426 492 2487 omnium
512 2428 621 2501 hostes,
641 2427 779 2508 orbisque
799 2425 954 2508 prmdorms
974 2426 1071 2508 oppri-
1109 2447 1111 2450 ·

119 2532 249 2583 mentor.
299 2522 405 2605 quue
418 2523 517 2585 enimc
530 2544 592 2584 esse
605 2522 713 2587 debere
735 2543 788 2605 pro
808 2544 840 2583 se
853 2542 1012 2604 quemque,
1026 2533 1071 2595 ut,

117 2619 203 2701 qnod
217 2620 256 2682 ed
271 2621 325 2682 hos
340 2620 538 2682 retundendos
558 2620 738 2682 auxiliorum
753 2620 998 2702 suppediteverit,
1011 2641 1071 2682 non

121 2716 293 2778 Mithridati
305 2717 410 2797 megin,
423 2738 513 2798 quem
527 2717 584 2778 sibi
597 2717 654 2799 ipsi
665 2717 805 2799 primum,
819 2716 928 2778 deinde
940 2717 1070 2800 publice

119 2815 235 2894 generis
245 2815 366 2876 hnmani
379 2814 509 2876 liberteti
522 2817 684 2897 prestitum
697 2815 802 2897 putct'

160 2917 212 2972 28.
234 2909 316 2972 Herc
325 2911 365 2972 ed
379 2911 454 2974 elios
465 2913 601 2995 precibus
613 2911 790 2993 exponendo
809 2909 951 2972 mendete
967 2911 1070 2974 dedit:
1083 2933 1190 3002 Appen.

120 3016 153 3068 et
167 3007 342 3072 Mocherem
354 3007 490 3090 Bosporo
503 3010 706 3091 impetentem,
715 3010 784 3088 jure
796 3009 890 3089 petris
900 3007 1072 3090 dominique

120 3106 242 3166 excivit
285 3105 425 3167 Ceterum
444 3105 589 3178 Pertlrus,
611 3105 715 3187 procul
735 3125 804 3166 ese
828 3105 991 3186 periculum
1008 3127 1072 3168 esse

120 3213 271 3284 repetens,
295 3223 391 3284 neque
413 3203 555 3283 sepientis
574 3211 680 3284 praeter
699 3201 904 3263 necessitatem
926 3222 1072 3264 arcessere
1083 3224 1210 3278 Memnon.

121 3299 281 3372 molestius,
295 3299 410 3360 euxilie
426 3298 595 3379 denegevit.
638 3297 782 3380 Scythice
796 3307 981 3361 mommsest
995 3299 1072 3362 Dio·
1083 3324 1192 3390 Appios

120 3396 194 3468 cles,
213 3399 264 3458 cui
284 3416 323 3458 ee
344 3394 458 3458 credite
478 3395 588 3476 legetio
607 3395 721 3458 lueret:
743 3415 872 3476 nemque
891 3396 986 3457 multo
1003 3417 1073 3462 cum

121 3513 194 3552 euro
206 3503 239 3554 et
250 3493 400 3575 preecleris
411 3493 593 3566 muneribus,
607 3513 674 3575 quae
687 3492 727 3553 ed
739 3493 856 3573 regulos
868 3493 1072 3567 mittebentur‚

122 3593 151 3651 in
164 3601 263 3652 cestre
276 3589 395 3652 Luculli
414 3591 584 3672 trenslugit.
624 3590 782 3672 Tigranem
805 3591 858 3652 diu
876 3592 1071 3670 tergiversen·

121 3699 182 3750 tem
199 3687 265 3750 filis
287 3687 472 3750 Mithridatis
489 3689 682 3771 expugnavit,
705 3698 741 3750 nt
758 3689 931 3751 societatem
947 3709 1017 3750 cum
1035 3709 1073 3752 eo
1084 3703 1211 3755 Memnon

123 3807 230 3848 novem
243 3787 449 3867 pecisceretnr.

159 3890 211 3945 29.
233 3882 365 3956 Interes,
389 3903 449 3965 quo
463 3881 583 3944 Luculli
599 3883 742 3964 impetum
755 3881 931 3954 retunderet,
949 3881 1071 3965 preelec-
1178 3905 1186 3939 r

123 3989 219 4042 torum
231 3979 375 4062 quoedem
387 3999 455 4040 cum
468 3980 602 4061 equitatu
615 3980 705 4052 misit,
714 3979 765 4059 qui
776 3979 926 4058 negotium
938 3977 966 4038 ei
975 3979 1071 4038 feces·
1083 3993 1151 4046 Plus.

123 4086 228 4138 serent.
278 4075 340 4138 Sed
366 4076 439 4138 nihil
461 4096 546 4158 eque
572 4075 657 4136 illum
683 4096 773 4157 quem
795 4074 890 4136 lennes
913 4075 1070 4154 fedgebet

123 4175 265 4256 corruptis
280 4173 352 4247 lete,
366 4175 451 4254 jussu
465 4175 553 4255 regie,
569 4191 637 4254 quae
654 4173 684 4234 io
703 4174 768 4252 ejus
780 4193 884 4234 monus
895 4180 1073 4254 perventum

285 4404 300 4448 ⁵
318 4397 515 4463 degrederetur
524 4401 622 4466 legitor
632 4400 659 4451 in
671 4395 733 4450 edd.
745 4401 805 4449 ente
816 4397 893 4450 Creu.
