3300 5225
835 544 886 595 r.
909 516 1004 593 uivrr

525 684 666 757 hostium,
689 686 857 768 punitorum
877 687 1063 761 aemulorum,
1081 696 1205 751 serrata
1222 698 1368 770 quantun
1385 688 1417 750 in
1434 708 1485 753 rue

525 782 584 843 fuit
598 785 712 865 patria,
737 784 813 845 liber
840 795 873 845 et
898 806 971 845 meae
993 786 1106 866 spontis
1131 788 1249 847 moriar.
1302 784 1416 866 Neque
1436 785 1484 847 la-

525 888 627 941 menta
652 888 778 941 matrum
799 889 890 962 atque
919 902 1087 963 puerorum,
1113 891 1166 943 aut
1191 884 1341 943 interitum
1363 884 1483 962 patria,

525 976 778 1050 autexultantem
802 978 916 1039 hostem
936 977 1056 1064 videbo,
1075 999 1171 1059 neque
1190 978 1343 1039 domiuum
1363 976 1484 1041 Rome·

524 1092 595 1133 num
608 1075 718 1154 patiar,
736 1073 817 1153 quod
835 1094 927 1155 nuper
944 1094 1035 1135 nnum
1051 1077 1181 1135 omnium
1198 1076 1342 1135 malorum
1355 1074 1483 1136 calami-

524 1170 702 1241 tosissimum
715 1169 803 1231 simul
817 1180 907 1251 atque
921 1172 1121 1253 turpissimum
1134 1192 1197 1233 esse
1211 1171 1306 1233 Italia
1318 1180 1384 1233 tota
1393 1171 1479 1251 judi·

523 1267 614 1326 cavit

563 1368 614 1423 ³4.
636 1362 725 1441 ‘Ego
737 1362 884 1423 nemiuem
901 1362 1001 1425 lacere
1019 1363 1123 1426 eadem
1143 1372 1196 1424 aut
1203 1364 1310 1444 jubeo,
1326 1374 1379 1425 aut
1391 1372 1480 1425 reto:

523 1478 579 1525 nec
591 1478 682 1539 quarn
696 1459 770 1519 mihi
783 1478 867 1521 sumo
881 1460 1058 1533 libertatem,
1076 1460 1142 1521 aliis
1156 1460 1296 1521 adimam.
1338 1460 1481 1523 Ceterum

523 1574 581 1616 non
594 1555 634 1615 sit
646 1556 776 1617 alienum
789 1575 809 1616 a
818 1556 982 1617 rationibus
996 1558 1108 1627 restris,
1120 1556 1280 1628 Asculani,
1290 1558 1326 1627 si,
1337 1576 1426 1637 quem
1440 1556 1482 1619 ad

522 1650 731 1733 depellendam
754 1652 955 1715 calamitatem
976 1654 1059 1734 sequi
1077 1654 1184 1715 ducam
1205 1652 1352 1726 voluistis,
1371 1652 1480 1715 saltem

523 1748 562 1808 ad
584 1748 782 1829 effingiendam
801 1750 987 1829 sequamini!
1030 1750 1112 1811 Hac
1130 1750 1246 1811 locutus
1262 1770 1409 1812 rensuum
1424 1770 1479 1830 po·

522 1846 628 1926 poscit,
638 1854 798 1927 epotoqne,
811 1847 983 1908 conscendit
999 1868 1114 1928 rogum,
1127 1868 1216 1928 quem
1234 1848 1265 1925 ln
1277 1846 1389 1929 templo
1402 1866 1479 1927 quo-

520 1942 592 2005 dam
614 1944 824 2005 exstruendum
850 1954 1016 2007 curaverat.
1059 1944 1186 2007 Factum
1210 1946 1275 2025 ejus
1297 1946 1479 2010 imitatorem

521 2042 667 2103 neminem
680 2042 803 2112 invenit,
818 2062 887 2103 curu
900 2042 1069 2104 laudatores
1081 2043 1236 2127 plerosque
1252 2044 1414 2105 habuisset.

560 2146 611 2199 86.
633 2138 717 2208 Nec,
729 2138 973 2213 credo,deerant,
983 2141 1244 2222 quicoustantiam
1254 2142 1356 2203 mortis
1366 2141 1478 2222 probe·

519 2245 595 2308 rent,
608 2236 763 2297 consilium
776 2237 1034 2319 reprehenderent,
1057 2247 1090 2300 ut
1108 2241 1250 2319 injustum
1267 2249 1299 2300 et
1317 2240 1477 2319 intempee-
1581 2228 1587 2240 ¹

518 2332 622 2393 tivum.
664 2332 750 2402 Nam
761 2343 793 2394 et
811 2334 864 2394 alii
881 2336 1036 2415 sapientise
1052 2337 1196 2415 magistri,
1213 2337 1264 2417 qui
1278 2344 1341 2397 tum
1354 2356 1477 2417 quoque

518 2448 579 2511 proe
606 2428 672 2490 aliis
696 2430 863 2491 hominibus
887 2432 1000 2493 ratione
1023 2433 1182 2493 rectissime
1204 2434 1248 2495 uti
1266 2432 1475 2505 credebantur,

517 2526 715 2587 temeritatem
723 2527 942 2589 consciscendae
956 2528 1037 2589 necis
1046 2528 1277 2591 damuararunt:
1291 2539 1334 2601 et,
1345 2550 1383 2592 ne
1396 2528 1474 2590 mol-

517 2623 612 2685 litiem
624 2625 711 2686 luisse
723 2635 819 2707 putes,
835 2626 993 2688 fortissima
1010 2629 1141 2688 omniurn
1153 2638 1245 2699 sacta,
1259 2648 1327 2709 quae
1340 2627 1475 2690 dolorem

517 2741 555 2782 ac
567 2722 717 2783 molestias
730 2723 902 2805 nequidem
915 2726 1111 2787 numerandas
1123 2727 1153 2787 in
1166 2727 1253 2788 malis
1265 2734 1363 2809 putat,
1377 2727 1409 2786 in
1422 2736 1480 2788 aa*

516 2818 586 2882 dem
611 2822 757 2882 sententia
781 2821 848 2882 fuit
891 2821 972 2884 Sene
990 2825 1042 2904 qui
1063 2824 1144 2904 leges
1161 2825 1288 2886 universi
1304 2833 1425 2896 norunt,
1443 2833 1476 2894 et

517 2917 666 2998 quomodo
678 2920 718 2979 ab
731 2939 790 2980 uno
801 2928 834 2981 et
850 2921 937 2982 unius
953 2922 1012 2982 sint
1023 2923 1134 2994 omnia,
1154 2921 1290 2982 dubitare
1309 2930 1473 3004 nequeunt,
1512 2915 1520 2924 ”

516 3016 588 3096 quin
602 3017 642 3077 ab
655 3017 736 3077 illius
747 3017 902 3079 voluntate
920 3017 1136 3080 deflectendum
1154 3021 1192 3081 sit
1204 3039 1362 3100 nusquam,
1374 3039 1472 3100 neque

516 3112 563 3173 fes
574 3113 613 3172 sit
624 3114 773 3194 cuiquam,
787 3133 826 3173 ex
840 3135 877 3175 ea
890 3136 981 3196 quam
994 3118 1153 3195 assignarit
1169 3115 1221 3178 illo
1238 3117 1378 3190 statione,
1390 3116 1474 3180 illius

493 3211 628 3288 ¹injussu
653 3209 807 3272 decedere.
858 3211 979 3274 Idcirco
1004 3213 1254 3294 quemadmodum
1273 3213 1350 3293 juris
1374 3213 1474 3276 civilis

515 3316 652 3367 auctores
663 3317 838 3381 emerunt,
860 3307 1017 3388 fugitivum
1035 3311 1080 3370 sui
1099 3311 1189 3391 ipsine
1208 3309 1320 3370 lurtum
1335 3311 1473 3372 commit·

515 3412 589 3474 tene,
603 3404 645 3464 ita
658 3405 844 3486 perspicuum
859 3413 916 3477 est,
937 3405 1024 3486 longe
1043 3408 1161 3487 gravius
1180 3408 1290 3468 crimen
1311 3407 1471 3480 incurrere,

514 3500 567 3580 qui
580 3501 643 3562 vita
655 3502 713 3560 sibi
725 3499 894 3572 adimenda,
908 3523 999 3582 quam
1009 3524 1029 3563 a
1041 3525 1071 3564 sa
1085 3525 1142 3564 non
1153 3503 1273 3576 habent,
1287 3503 1470 3584 semetipsos,

514 3617 573 3666 non
585 3607 690 3677 sponte
702 3596 829 3669 domini,
848 3599 949 3659 usibus
960 3601 1026 3679 ejus
1037 3599 1226 3662 suffurantur.

554 3699 604 3754 36.
627 3692 689 3754 Sed
710 3715 819 3776 neque,
841 3695 866 3756 si
889 3717 934 3758 res
952 3698 1016 3778 ipae
1036 3707 1158 3760 vacaret
1173 3699 1306 3771 crimine,
1325 3698 1470 3778 delegisse

512 3801 630 3872 tempus
641 3791 778 3854 idoneum
786 3794 930 3855 moriendi
940 3794 978 3856 C.
990 3795 1010 3856 J
1013 3795 1157 3856 udacilius
1169 3796 1337 3860 videbatur.
1360 3807 1369 3836 ‘
1382 3796 1416 3858 N
1418 3817 1469 3858 am

511 3891 537 3954 ti
549 3887 588 3948 de
597 3910 629 3949 se
641 3899 758 3952 tantum
765 3901 843 3952 esset
852 3891 994 3964 solicitus,
1008 3893 1037 3953 in
1049 3913 1189 3975 eousque
1200 3893 1319 3956 laudern
1331 3915 1469 3973 mamam

511 4007 586 4059 sse,
608 3997 640 4048 ct
657 3989 701 4048 ita
718 3998 919 4070 comparatum
940 4010 959 4049 a
982 3999 1099 4063 natura,
1118 4000 1153 4052 ut
1170 3993 1280 4073 ubique
1300 4001 1408 4074 presto
1429 4001 1470 4053 nt

512 4086 585 4146 mori
598 4085 766 4147 uolentibus
781 4087 910 4148 occasio.
952 4086 1062 4170 Nuper
1080 4087 1214 4169 Alpinas
1229 4099 1343 4169 gentes,
1358 4089 1469 4152 deinde

511 4179 702 4263 Teutonicas,
716 4183 875 4244 multorum
886 4183 1012 4246 millium
1025 4185 1143 4247 interitu
1153 4183 1331 4259 declarasse,
1340 4189 1379 4248 ad
1390 4209 1468 4250 mor·

429 4335 435 4346 .
473 4312 476 4321 ·
510 4289 571 4342 tem
584 4282 810 4362 properantibus
822 4281 977 4343 undelibet
993 4293 1094 4364 patere
1106 4285 1197 4344 viam
1239 4283 1301 4345 Sed
1315 4286 1399 4348 illum
1412 4308 1466 4368 pa-

511 4379 577 4460 triae
595 4379 742 4457 ingentem
756 4379 919 4460 praetulmse
936 4382 1110 4446 caritatem:
1131 4382 1181 4442 cui
1194 4381 1218 4444 si
1231 4383 1368 4465 prodesse
1379 4384 1466 4448 volu·
1482 4416 1488 4428 ¹
