3300 5225
461 605 568 654 urnnr
592 606 643 656 cr.
665 605 988 661 ιιιιιιιιιιιιιιιιιι.
1194 594 1281 663 4909
1322 586 1325 594 ’

183 793 186 803 .
209 754 262 814 ³6.
284 747 411 820 erosos,
424 729 661 830 solisequitibris
678 750 854 832 conspectis,
875 769 937 832 qno
954 769 1059 831 genere
1071 761 1191 814 ιιιιιο.

169 861 283 910 morum
298 845 490 926 prevalebat,
508 847 682 908 contemtim
695 847 838 918 insectus,
856 855 925 928 post
936 846 1032 910 levem
1045 869 1120 930 pug-

168 963 240 1004 nem
254 943 311 1020 (sic
324 945 402 1004 enim
415 953 594 1026 preceptum
606 944 716 1022 lueret)
734 943 911 1023 refugientes
925 953 1043 1006 strenue
1053 967 1147 1066 ιιιι·θ
1149 950 1255 1001 Fontis

167 1040 313 1118 sequitur.
355 1039 403 1100 At
416 1040 460 1102 illi
480 1061 548 1101 cunr
566 1039 605 1101 ad
624 1039 788 1122 peditatum
803 1059 891 1102 suum
909 1017 1202 1122 ιιιιιιιιιιιιιιιιι,θυι

168 1137 200 1196 in
212 1135 307 1198 latere
319 1135 524 1208 discurrentes,
536 1137 664 1219 spetlum
678 1137 847 1218 legionibus
858 1146 1044 1219 operuerunt.
1064 1139 1120 1200 Ab

169 1232 207 1292 iis
224 1232 377 1313 inopinato
387 1232 489 1314 praelio
503 1234 623 1314 excepti
632 1234 742 1305 hostes,
755 1234 794 1295 eb
810 1236 961 1315 equitibus
972 1237 1119 1316 utrimque

167 1328 361 1390 circumventi
391 1351 527 1410 megnem
552 1349 672 1392 suorum
702 1330 922 1392 multitudinem
950 1334 1119 1394 emiserunt

170 1423 300 1506 Reliqui
312 1446 380 1486 cum
393 1427 424 1486 in
441 1427 542 1508 sylves
554 1447 585 1486 se
603 1427 789 1508 recepissent,
808 1427 974 1508 Pompeius
987 1430 1120 1490 exercitu
1133 1442 1241 1511 Appiae.

167 1521 354 1584 circumdato
369 1525 451 1602 ignes
468 1523 619 1586 edmoveri
634 1524 735 1604 jussit.
776 1524 857 1585 Pers
869 1523 1008 1605 pleraque
1021 1527 1121 1586 incen-

169 1616 238 1688 dio;
264 1621 315 1700 qui
336 1639 489 1700 erumpere
509 1629 706 1691 tentaverant,
719 1622 839 1701 excepti
858 1622 897 1681 eb
918 1622 1039 1684 ermetis
1054 1641 1120 1703 per·

169 1714 268 1776 ierunt
280 1735 287 1776 :
301 1726 333 1776 et
343 1717 494 1796 pendebat
504 1717 636 1778 caedibus
648 1716 742 1790 miles,
754 1720 793 1778 ob
805 1727 935 1778 tentstas
946 1738 1038 1799 nuper
1051 1719 1121 1779 insi·
1133 1741 1193 1792 Dio.

169 1811 237 1872 dies
260 1813 393 1885 infestus,
414 1834 538 1896 querum
559 1816 701 1876 memorie
717 1817 902 1877 continenter
922 1816 1123 1878 inclemebent

169 1907 318 1982 ferientes,
334 1920 342 1946 ‘
355 1909 440 1972 Hem
454 1911 625 1974 Saturnalia
635 1911 660 1972 l'
673 1931 741 1972 nam
754 1912 809 1972 sub
822 1931 873 1971 eos
883 1911 948 1976 dies
959 1914 1122 1993 opprimere

170 2003 326 2068 Romanos
351 2007 477 2068 Albeni'
490 2009 701 2088 cogitaverant
744 2006 805 2068 Sed
831 2029 868 2068 eo
889 2009 918 2070 in
938 2009 1041 2090 prelio
1062 2027 1122 2071 non

169 2109 288 2164 tentum
301 2105 497 2186 imperatoris,
510 2125 613 2167 verum
625 2105 716 2166 etiem
727 2104 831 2166 militis
842 2105 1008 2186 Pompeius
1017 2105 1122 2188 exple·
1150 2107 1217 2161 Plut-
1227 2121 1253 2159 et

171 2199 217 2260 vit
239 2201 351 2273 munie,
373 2201 462 2262 fratre
482 2203 558 2282 regis
579 2210 736 2284 prostreto,
760 2199 853 2280 Cosin
874 2201 1044 2271 vocabant3
1070 2204 1123 2283 qui
1134 2174 1219 2226 zm

165 2297 273 2376 jeculo
286 2299 465 2380 Pompeium
481 2308 592 2380 petens,
615 2319 685 2360 cum
700 2297 800 2360 loricae
817 2298 1038 2361 commiseritum
1055 2321 1123 2381 pen

169 2395 316 2466 cussisset,
330 2397 416 2457 haste
428 2395 562 2457 Romeni
572 2393 732 2456 transfixus
744 2393 863 2456 cecidit

213 2497 262 2556 37.
286 2491 367 2554 Dum
379 2493 477 2576 spolie
489 2494 637 2574 leguntur,
651 2492 747 2574 peltes
758 2494 976 2573 cothurncsque
992 2503 1124 2574 repertos

169 2608 233 2653 esse
257 2588 364 2662 lerunt,
385 2590 524 2671 qualibus
545 2589 717 2659 Amazones
735 2609 797 2651 uste
821 2587 991 2663 creduntur,
1016 2612 1124 2673 corpus

169 2694 271 2749 temen
290 2688 433 2751 muliebre
454 2688 569 2749 nullum
588 2696 755 2769 repertum:
772 2686 827 2751 olii
847 2686 981 2747 iebnlem
999 2696 1122 2769 augent,
1344 2757 1346 2760 ¹

170 2784 248 2844 inter
260 2785 378 2847 obsides
397 2786 591 2867 ceptivosque
609 2784 717 2845 multos
737 2784 851 2863 generis
869 2787 936 2864 ejus
954 2785 1055 2857 brisso,
1068 2786 1122 2847 bo-
1135 2790 1242 2859 Appiae.

170 2882 261 2942 uestis
273 2882 349 2943 inter
362 2882 551 2964 pugnendum
568 2882 698 2963 ecceptis
710 2880 891 2944 vulneribus.
932 2881 1023 2943 Adeo
1036 2882 1123 2945 lemi-

170 2978 246 3041 liere
259 2980 426 3063 hominibus
437 2990 492 3051 est,
504 3001 557 3061 per
568 2979 820 3060 vaniloquentiam
833 3000 853 3039 ι
865 2979 942 3040 veris
953 2979 994 3041 ad
1006 2981 1080 3042 mire
1092 2991 1124 3043 et

169 3076 359 3139 incredibilis
370 3078 542 3139 desciscere.

211 3179 262 3235 38.
284 3173 427 3237 Ceterum
440 3173 569 3243 oreae,
581 3172 638 3235 bec
648 3170 746 3242 clude,
759 3181 800 3243 et,
814 3192 882 3252 quoe
895 3171 979 3233 illem
990 3174 1122 3255 excepit,
1135 3190 1194 3243 ιιι).

50 3312 54 3323 .
169 3274 338 3334 vastatione
361 3270 612 3355 regniqdomitus,
626 3270 713 3335 misse
729 3268 877 3347 legatione
894 3288 997 3351 pecem
1015 3270 1122 3350 petiit:

170 3358 314 3449 deditque
333 3368 497 3451 Pompeius
503 3370 589 3449 jusso
602 3386 621 3426 e
633 3366 782 3427 nostibus
794 3366 878 3443 (nam
895 3367 950 3426 sub
964 3366 1028 3447 ipso
1041 3365 1122 3427 cen-
1135 3378 1200 3431 rior.

170 3486 243 3533 caso
267 3476 366 3529 cestre
388 3470 539 3549 posuerat)
558 3466 587 3525 in
605 3454 905 3545 plene'descendere.
946 3464 1052 3547 Atque
1071 3464 1124 3527 ille
1136 3477 1251 3529 0ros.v1
1260 3485 1286 3533 ι.

171 3583 231 3624 non
254 3564 352 3645 peruit
372 3564 473 3634 modo,
494 3562 548 3623 sed
567 3562 644 3623 ultro
661 3562 752 3623 etiem
768 3582 837 3622 cum
852 3561 986 3643 epistolis
1001 3582 1123 3623 munere
1135 3588 1221 3643 zm,

170 3661 263 3733 misit,
278 3660 431 3731 lectulum,
442 3678 585 3730 mensem,
598 3657 715 3729 solium,
726 3658 939 3719 omniaeuree.
979 3656 1201 3772 Quemelse

174 3780 256 3824 more
275 3779 328 3819 sno
341 3758 505 3839 Pompeius
524 3756 664 3838 questori
680 3754 860 3817 reserenda
851 3774 882 3816 m
894 3755 1013 3817 tabulas
1026 3719 1190 3884 deffinire

169 3873 328 3937 regemque
342 3854 409 3917 eliis
422 3854 598 3935 quibusdem
618 3852 704 3913 donis
722 3862 769 3913 est
784 3861 995 3913 remuneratus.
1026 3832 1190 3914 biles-⁸¹⁰¹
1134 3872 1199 3949 Dio'

170 3961 241 4013 runt
252 3961 283 4013 et
295 3952 400 4033 reliqui
413 3951 546 4033 plerique
559 3949 728 4011 Ceucesum
740 3946 809 4008 inde
823 3948 863 4009 ed
876 3947 1020 4029 Caspium
1029 3970 1122 4031 usque
1185 3936 1193 3953 ⁰

169 4069 253 4111 mere
266 4049 434 4111 accolentes
445 4047 548 4129 populi
561 4046 599 4107 de
613 4065 688 4127 pecs
700 4045 834 4124 legatos·
826 4089 833 4105 .
854 4064 945 4125 quem
956 4044 1038 4107 bend
1054 4066 1122 4126 gre-

170 4154 241 4207 vete
254 4146 408 4216 concessit,
422 4146 494 4225 quie
509 4146 575 4225 jem
588 4140 807 4223 expeditionem
827 4141 905 4202 benc
921 4140 1017 4214 finire,
1032 4152 1063 4203 et
1083 4142 1123 4204 ed

169 4242 391 4323 componendas
411 4262 486 4324 ques
501 4260 602 4301 recens
617 4238 785 4300 confeceret
801 4236 978 4320 provincius,
994 4241 1123 4320 itemque

171 4338 355 4401 Parthorum
368 4340 493 4401 consilia
506 4336 699 4421 speculsnde,
713 4339 851 4419 praeverti
863 4346 1015 4397 statueret.
1134 4366 1201 4418 pm,

213 4445 262 4499 39.
292 4439 371 4512 Ροιι
393 4458 523 4520 pugnem
549 4438 626 4497 enim
647 4434 796 4516 cupiditas
820 4436 968 4496 invaserat
992 4427 1128 4495 enirnum'

1159 3722 1237 3774 stiur.
1206 3727 1284 3780 ιιι.
