3300 5225
387 619 490 667 nrsnr
518 618 657 667 cxxiv.
679 618 1006 679 eurrnnnnuruu.
1161 602 1249 669 4475

173 768 205 823 θ.
226 760 285 823 (in.
300 760 467 843 Pompeius
488 761 594 842 insigni
616 762 742 824 victoris
761 764 883 844 potitura,
897 782 934 823 ne
954 762 1088 824 hostibus

128 854 295 937 respirandi
307 855 438 936 spatium
449 856 639 936 relinqueret,
650 855 801 917 Asculum
809 856 986 936 refugientes
997 876 1087 939 quam

134 953 232 1034 potuit
253 952 407 1013 eeierrime
428 961 609 1033 persecutus,
632 953 784 1014 obsidione
806 954 950 1036 oppidum
968 953 1086 1015 clausit.

131 1049 218 1115 Haec
230 1049 351 1110 demum
368 1050 493 1111 victoria
506 1050 653 1111 Romanis
672 1072 711 1111 ex
734 1051 874 1113 dintumo
890 1052 993 1113 timore
1010 1050 1087 1112 fidu·

129 1147 212 1207 ciam
224 1148 302 1207 bene
316 1146 439 1207 finiendi
459 1147 534 1207 beili
553 1147 700 1208 reddidit·
721 1158 766 1219 ut,
784 1147 1036 1229 quemadmodum
1047 1150 1087 1209 ob

134 1264 306 1325 prosperam
332 1244 368 1305 L.
394 1243 523 1305 cesaris
545 1264 676 1325 pugnam
702 1254 788 1324 togas
811 1254 1018 1317 resumerent,
1046 1246 1090 1306 ita

134 1360 213 1401 nune
231 1340 326 1401 lanum
343 1341 476 1413 ciarum,
494 1340 614 1421 aliaque
629 1344 851 1422 magistratuum
868 1350 1041 1403 ornaments
1057 1351 1089 1402 et
1100 1344 1197 1395 ΟΜ*
1198 1346 1256 1393 ·¹⁸·

133 1438 262 1517 insignia
280 1438 456 1519 reciperent.
1100 1408 1155 1462 Μ’·
1171 1408 1241 1473 ΕΜ

175 1545 206 1599 4.
226 1536 291 1597 Sub
314 1536 393 1597 idem
413 1536 505 1597 ferme
528 1545 645 1618 tempus
675 1534 811 1617 praelium
843 1534 881 1596 O.
906 1534 998 1598 Marii
1020 1557 1089 1599 cum

137 1634 249 1699 Marsis
270 1633 365 1695 dubio
386 1643 495 1695 eventu
519 1634 679 1694 diremtum
703 1643 757 1698 est.
802 1633 986 1714 Quanquam
1011 1636 1090 1695 enim
1102 1624 1176 1742 Ρίέῑὶ
1189 1622 1254 1673 ³¹⁸¹·

131 1732 244 1793 sincere
252 1732 366 1792 bellum
375 1731 493 1792 Murrus
504 1732 667 1803 statuisset
677 1730 716 1791 ad
729 1740 909 1804 extremum,
923 1731 986 1792 sire
1000 1731 1090 1793 taedio
1155 1808 1156 1813 η

135 1816 244 1901 vietus,
256 1829 320 1890 sire
331 1847 384 1910 spe
402 1827 522 1889 illectus
538 1836 570 1889 et
589 1828 745 1889 occasione
756 1827 871 1899 oblate,
884 1828 1012 1888 contulit
1023 1848 1091 1889 cum

134 1927 223 1988 haste
254 1926 373 2008 pedem,
405 1926 567 2009 praelioque
599 1925 777 1987 decernendi
808 1934 984 2008 potestatem
1010 1925 1091 1986 feeit

137 2022 288 2085 Neutrum
300 2045 338 2085 eo
349 2024 400 2084 die
418 2026 514 2085 aciem
535 2024 608 2085 satis
620 2033 789 2085 constanter
804 2025 978 2106 pugnavisse
993 2021 1092 2105 prodi-

136 2131 202 2182 tum
219 2132 274 2183 est.
316 2120 452 2183 Nam-et
468 2122 632 2183 retulerunt
655 2121 788 2204 Romani
805 2122 924 2203 pedem,
943 2130 974 2181 et
995 2122 1093 2183 hostes

135 2239 340 2281 consummare
361 2218 518 2280 victoriam
543 2240 602 2281 non
625 2221 702 2292 ausi,
723 2240 780 2280 sua
800 2229 832 2280 et
858 2221 915 2301 ipsi
938 2220 968 2279 in
994 2228 1094 2281 castra

135 2325 330 2395 reverterunt.
372 2315 465 2377 Unde
483 2318 685 2399 increpantem
704 2338 775 2378 snos
795 2316 928 2378 Marium
942 2317 1018 2379 inter
1031 2318 1094 2379 alie

136 2414 250 2475 dixisse
262 2414 377 2484 ieruntr
392 2422 402 2449 ‘
417 2412 566 2476 Utrumne
579 2424 708 2476 vestram
721 2416 865 2493 majorem
877 2412 966 2475 fuisse
979 2424 1093 2500 putem,

132 2532 178 2581 an
201 2532 273 2573 vero
290 2511 420 2572 bestium
439 2512 601 2590 ignasiam,
619 2513 728 2574 hereo.
770 2512 883 2593 Neque
897 2533 949 2573 ros
961 2534 1014 2573 err
1026 2512 1093 2574 illo-

137 2629 216 2681 rum,
229 2629 328 2690 neque
341 2604 389 2669 iili
401 2617 485 2688 terga
500 2618 598 2670 restra
610 2610 718 2670 intueri
730 2608 952 2672 sustinnemnt.’

179 2715 210 2768 5.
232 2707 309 2768 Non
328 2706 381 2768 din
398 2707 534 2788 posthoc
554 2707 689 2790 prelium
703 2707 741 2768 (i.
756 2707 874 2767 Marius
885 2707 997 2768 famam
1009 2728 1093 2770 susm

138 2825 294 2867 senoecere
305 2803 420 2877 ridens,
434 2824 488 2886 per
499 2825 621 2865 cauum
633 2803 811 2865 valetudinis
828 2806 952 2886 imperio
963 2826 995 2866 se
1008 2805 1092 2866 abdi-

138 2904 238 2972 carit:
260 2901 331 2963 cnm
341 2922 374 2962 se
387 2900 464 2962 iesse
478 2923 601 2984 corpore
615 2911 647 2962 et
658 2922 814 2963 nervorum
829 2904 910 2964 vitiis
921 2902 1026 2974 debili,
1039 2923 1093 2964 ex-

140 2999 322 3081 peditionem
340 3017 430 3080 snpra
448 2999 528 3059 rires
548 2998 661 3080 pudore
679 2999 839 3080 suscepisse
851 2998 972 3060 diceret.
1015 2989 1111 3060 Sans'

139 3097 282 3176 gravibus
299 3101 370 3156 ante
388 3095 479 3157 bellis
494 3115 563 3156 eam
576 3095 701 3175 gloriam
718 3115 828 3176 eosque
847 3097 974 3158 honores
991 3115 1096 3156 conse-

138 3192 359 3264 emineret,
383 3201 418 3254 ut
431 3194 500 3274 jam
522 3201 610 3252 sexto
629 3201 661 3252 et
684 3193 870 3272 sexagesimo
896 3195 993 3254 etatis
1018 3213 1097 3254 anna

138 3291 222 3351 bena
237 3310 309 3350 cum
325 3290 416 3350 venia
436 3289 591 3369 gratisque
611 3289 744 3350 omnium
764 3299 863 3370 posset
879 3291 1050 3371 quiescerer
1071 3289 1097 3349 si

138 3386 269 3448 eundem
288 3387 347 3447 sibi
370 3406 466 3447 rernm
486 3386 608 3447 modum
624 3385 724 3447 iacere
736 3387 888 3468 cupiditas
897 3387 994 3459 sciret,
1008 3407 1095 3468 quem

137 3493 249 3544 natura
263 3484 457 3556 demonstrat,
473 3493 506 3544 et
520 3485 598 3544 ratio
615 3483 729 3546 suadet.

179 3589 212 3642 a.
234 3581 320 3643 Inter
335 3583 401 3644 haec
421 3601 510 3643 nnrae
529 3581 714 3644 deiectiones
729 3583 875 3644 sociorum
888 3600 1008 3644 eausam
1019 3603 1097 3666 prm·

140 3681 272 3740 buerunt
294 3679 421 3751 senatrri,
447 3678 486 3740 de
510 3679 651 3742 inusitato
673 3681 816 3741 hactenus
840 3701 946 3760 genere
971 3681 1098 3743 militurn
1271 3742 1276 3755 ,

140 3777 306 3858 cogitandi.
348 3776 513 3890 Nunquam
527 3778 607 3838 enim
629 3787 719 3839 antea
742 3778 946 3840 libertinorum
966 3777 1099 3840 delectus
1109 3791 1217 3856 Appias.

139 3873 351 3948 mutabitur,
364 3876 420 3935 nisi
433 3895 563 3956 perraro,
580 3895 651 3936 cum
667 3877 792 3937 maximi
812 3876 958 3937 bellorum
975 3884 1099 3936 terrores
1110 3856 1201 3972 iiij*
1140 3855 1224 3921 '‘¹EP
1205 3863 1262 3973 ἰ.

142 3973 249 4034 urbem
273 3973 533 4036 circumsisterent.
581 3971 661 4033 Tum
684 3994 756 4036 vero
778 3975 915 4036 cobortes
939 3973 1149 4034 duodecimrx
1152 3989 1234 4037 ,ιι

143 4069 274 4150 scriptur,
288 4078 321 4129 et
337 4089 391 4150 per
406 4069 547 4151 presidia
557 4070 713 4131 maritime
724 4091 785 4132 erre
799 4070 911 4132 Cumas
926 4089 1018 4152 nsque
1037 4069 1097 4130 dis-
1109 4051 1245 4172 sffflbi

145 4165 278 4234 tributa.
291 4164 399 4226 fertem
412 4164 591 4248 fidelemque
606 4187 728 4249 operam
746 4168 973 4250 imperatoribus
991 4175 1022 4227 et
1042 4167 1097 4227 rei·
1110 4193 1176 4260 391²*
1178 4209 1218 4246 ω,

144 4261 275 4342 publice
288 4262 499 4343 prestiterunt.

186 4363 217 4421 ⁷.
237 4357 403 4420 A..P10tio
424 4358 524 4438 iegato
542 4361 694 4442 negotium
714 4361 831 4434 datum,
851 4369 884 4422 ut
901 4360 1034 4422 Umbros
1051 4371 1098 4422 tu·
1110 4357 1245 4425 lievnptr.
1322 4327 1326 4334 .
1453 4331 1455 4338 Α

153 4453 331 4516 numer
353 4462 512 4519 coerceret
562 4455 682 4520 Etrusci
705 4461 787 4536 (nrm
813 4457 846 4518 hi
870 4457 972 4540 populi
998 4423 1211 4542 ‘mireris
1212 4493 1263 4543 ns.
