3300 5225
856 576 892 625 Τ.
915 576 1012 625 mvn

406 716 410 720 ’
536 714 612 787 dita,
631 716 748 778 obsides
761 716 859 790 datos,
873 739 971 780 muros
989 741 1010 780 a
1027 719 1160 780 barbaris
1173 720 1294 781 insenos
1307 729 1489 802 reputantes,

536 833 574 874 eo
583 813 806 887 descenderunt,
818 825 853 886 ut
865 816 1038 898 imperatam
1050 817 1206 899 pecuniam
1220 817 1392 898 penderent.
1413 817 1489 891 sod,

537 912 600 983 ubi,
612 910 753 972 detractis
770 913 905 973 fanorum
915 917 929 945 ²
948 916 1136 986 ornamentis,
1150 915 1362 995 mulierumque
1376 915 1490 978 collato

536 1008 658 1080 mundo,
669 1028 745 1088 agre
757 1009 835 1070 hanc
844 1031 988 1071 summam
998 1011 1199 1084 coniecerunt,
1214 1013 1364 1074 Zenobius
1372 1013 1488 1093 aliquid

536 1105 637 1166 deesse
651 1105 776 1187 ponderi
788 1107 959 1180 cavillatus,
973 1108 1074 1170 adesse
1085 1109 1231 1180 iterumin
1244 1111 1360 1170 theatro
1371 1111 1488 1171 univer-

536 1223 585 1264 sos
591 1204 692 1283 jussit.
734 1202 823 1276 Inde,
834 1225 902 1265 cum
911 1207 1060 1267 theatrum
1073 1209 1196 1288 viasque
1204 1208 1242 1268 ad
1257 1228 1336 1268 mara
1346 1208 1491 1269 ducentes

517 1296 521 1303 ’
537 1301 659 1360 muratis
674 1301 823 1382 sapuisset,
843 1303 1015 1363 nominatim
1031 1311 1171 1364 evocatos
1194 1305 1373 1385 praecipuum
1385 1325 1489 1385 quem·

372 1398 503 1476 Mepmon.
536 1415 607 1476 que,
620 1395 727 1456 deinde
739 1406 853 1458 ceteros
870 1399 997 1480 ipsorum
1018 1401 1110 1461 servis
1124 1400 1241 1462 vinctos
1257 1399 1391 1473 tradidit,
1404 1409 1438 1461 ut
1457 1403 1489 1461 in

373 1464 489 1579 Diffi·
499 1534 527 1577 et
539 1492 670 1554 Colchos
688 1494 921 1577 deportarentur.
963 1495 1216 1558 Seorsimdeinde
1236 1518 1256 1558 a
1270 1497 1350 1569 viris,
1365 1497 1490 1579 nequid
1506 1523 1507 1526 ¹

375 1594 459 1644 rosia
468 1607 508 1657 ap.
539 1591 708 1650 acerbitatis
718 1601 810 1671 atque
823 1591 945 1653 ludibrii
957 1592 1083 1664 deesset,
1098 1591 1286 1654 infirmiorem
1299 1612 1402 1654 sexum
1415 1603 1490 1654 oeta-

374 1660 424 1774 ‘1¹3⁵'
425 1674 464 1708 ⁰¹¹¹
476 1674 515 1707 ''¹‘
538 1694 658 1768 temque
675 1688 809 1748 barbaris
824 1688 1003 1749 custodibus
1023 1689 1190 1750 evehendus
1208 1690 1364 1752 commisit.
1407 1689 1491 1751 Urbs

375 1787 484 1852 Appia.
540 1781 683 1844 Chiorum
702 1784 841 1846 Ponticis
856 1785 969 1846 colonis
988 1793 1033 1846 est
1046 1785 1167 1858 tradita,
1181 1807 1308 1868 agerque
1322 1808 1342 1848 a
1355 1787 1491 1847 Zenobio

376 1884 505 1935 Memnon.
539 1882 721 1941 distributus.

580 1983 631 2037 45.
652 1964 792 2037 Ceterum
805 1985 918 2059 partem
931 1978 1063 2050 navium,
1073 1998 1140 2038 cum
1153 1980 1411 2059 praterreheretur
1421 1977 1491 2038 He·

540 2074 713 2135 racliensem
722 2094 816 2145 oram,
828 2083 1009 2157 exceperunt
1022 2073 1225 2147 Heracleotae,
1240 2075 1347 2155 quihus
1360 2075 1492 2137 amicitia

539 2191 610 2232 cum
622 2171 709 2232 Chiis
716 2163 941 2233 intercedebat:
959 2171 1122 2252 Chiosque,
1136 2173 1165 2232 in
1178 2174 1278 2232 urbem
1292 2193 1375 2233 suam
1389 2192 1491 2253 recep-

540 2276 596 2340 tos,
609 2268 705 2329 donec
717 2268 871 2330 conlectus
884 2269 919 2330 iis
935 2269 966 2328 in
983 2269 1109 2350 patriam
1128 2269 1238 2330 reditus
1256 2269 1323 2340 fuit,
1336 2267 1492 2350 hospitali·

540 2373 585 2425 ter
596 2385 697 2427 secum
709 2366 884 2426 habuerunt.
926 2364 965 2427 Id
979 2367 1106 2446 primum
1119 2367 1148 2426 in
1160 2375 1243 2428 tanta
1255 2365 1342 2428 clade
1352 2364 1491 2426 solatium

539 2461 653 2523 miseris
663 2461 738 2522 tuit:
752 2463 932 2543 proximum,
946 2462 1027 2542 quod
1045 2463 1212 2524 Zenobium
1225 2463 1304 2523 haud
1318 2461 1413 2522 multo
1425 2470 1494 2542 post

539 2576 658 2640 penam
670 2558 759 2621 luisse
772 2559 916 2621 scelerum
928 2567 1141 2640 compererunt.

579 2662 629 2718 46.
652 2657 803 2737 Ephesum
817 2654 869 2716 ille
881 2677 948 2716 cum
967 2656 1109 2716 militibus
1125 2656 1292 2737 appulerat,
1305 2656 1410 2718 eadem
1428 2676 1493 2717 om·
1555 2681 1566 2689 ·

540 2752 602 2824 nia,
617 2772 685 2833 qnia
699 2751 781 2824 Chii,
798 2752 938 2834 exempla
951 2752 1092 2813 editurus.
1135 2752 1201 2825 Illi,
1219 2754 1274 2813 nisi
1289 2752 1391 2834 positis
1404 2754 1495 2814 armis

539 2856 571 2909 et
582 2869 675 2929 parvo
687 2848 842 2936 comitatu,
853 2850 981 2930 recipere
993 2850 1142 2910 hominem
1155 2860 1335 2911 recusarunt.
1367 2851 1430 2918 Qui
1440 2852 1494 2911 uhi

540 2946 657 3027 accepit
667 2946 877 3017 conditionem,
890 2955 921 3007 et
934 2947 1013 3028 apud
1027 2946 1294 3029 Philopoemenem,
1311 2950 1361 3010 cui
1374 2966 1427 3007 rex
1441 2968 1494 3026 ge·

539 3066 594 3105 ner
605 3046 685 3105 urbis
698 3044 903 3127 prefecturam
915 3046 1111 3117 commiserat,
1127 3045 1285 3117 divertens,
1306 3040 1364 3128 per'
1378 3066 1491 3126 praeco-

489 3185 491 3189 -
540 3163 609 3204 nem
620 3142 727 3213 edixit,
738 3151 773 3202 ut
784 3142 823 3202 ad
834 3144 1005 3203 concionem
1019 3143 1146 3225 populus
1159 3144 1339 3215 conveniret,
1354 3142 1492 3223 Ephesii,

540 3239 614 3300 nihil
635 3260 694 3300 non
713 3242 860 3319 ingratum
879 3241 1076 3322 opperientes,
1095 3261 1157 3301 rem
1179 3242 1209 3301 in
1226 3249 1397 3321 sequentem
1414 3240 1494 3303 diem

540 3326 715 3416 rejecerunt.
757 3336 818 3397 Sed
837 3348 923 3398 nocte
936 3357 1004 3418 quar
1018 3338 1180 3399 intercessit
1189 3345 1279 3419 capto
1292 3340 1368 3399 iuter
1376 3358 1408 3399 se
1421 3358 1494 3399 con-

539 3434 618 3506 silio,
632 3454 715 3494 arma
728 3435 931 3514 corripuerunt
938 3456 947 3504 ;
963 3444 1100 3515 trusoque
1112 3437 1141 3495 in
1153 3454 1302 3499 carcerem
1316 3434 1452 3496 Zenobio
1461 3444 1494 3495 et

540 3532 640 3593 statim
659 3530 826 3602 interfecto,
840 3532 1003 3592 centuriare
1018 3524 1248 3605 multitudinem,
1261 3540 1304 3604 et,
1317 3552 1357 3593 en
1371 3534 1448 3614 agris
1460 3535 1492 3595 in

541 3629 644 3688 urbem
663 3630 866 3711 comportatis,
881 3650 948 3709 qua
961 3638 1108 3711 poterant,
1123 3630 1268 3701 omnibus,
1279 3629 1420 3691 adversm
1431 3632 1493 3692 vim

540 3744 645 3807 parare
657 3712 900 3785 seinstituerunt.
943 3724 1024 3787 Haec
1035 3726 1138 3789 audita
1147 3725 1325 3798 Trallianos,
1334 3726 1493 3809 Hypaepe·

541 3842 606 3894 nos,
629 3821 885 3903 Mesopolitasque
906 3821 1097 3903 impulerunt,
1116 3832 1151 3884 ut
1171 3822 1274 3883 eadem
1293 3823 1392 3883 omnia
1411 3822 1493 3885 iace-

381 3930 453 3980 οιοι.
461 3933 529 3981 ιιι.
542 3926 616 3978 rent.
659 3916 805 3999 Smyrnaei
817 3937 949 3998 quoque,
964 3916 1172 3999 Sardianique,
1185 3926 1217 3979 et
1229 3916 1409 4000 Colophonii
1423 3940 1493 3981 cum

543 4014 609 4079 aliis
620 4014 797 4095 quibusdam
809 4013 978 4095 exemplum
992 4014 1185 4095 Ephesiorum
1197 4018 1291 4076 secuti
1304 4024 1383 4077 sunt.

380 4129 489 4197 Appia,
584 4116 635 4174 47.
656 4110 704 4171 At
722 4109 926 4181 Mithridates,
944 4110 1032 4171 misso
1051 4119 1154 4172 contra
1171 4110 1335 4171 defectores
1347 4114 1493 4183 exercitu,

379 4228 436 4280 n„
448 4228 513 4294 Epic
544 4214 690 4288 quotquot
699 4205 831 4285 redigere
844 4207 873 4267 in
887 4215 1063 4288 potestatem
1075 4210 1181 4289 potuit,
1191 4208 1350 4269 crudeliter
1357 4206 1472 4269 afflictis
1483 4230 1492 4279 ς

576 4410 593 4457 t
607 4404 654 4459 lta
664 4419 698 4457 en
710 4404 833 4472 Appiano
844 4406 1041 4460 corranitcrsr.
1060 4407 1129 4459 ΕΜ.
1142 4422 1237 4475 pineo.
1247 4402 1476 4471 habentium.
