3300 5225
223 588 226 598 ,
358 539 463 590 Lllllil
490 537 635 589 leilll·
659 539 985 592 SUPPbBlssli'l'ilH.

117 683 187 750 letis
199 683 295 744 alveis
306 683 498 756 incesserunt,
513 683 611 746 subito
627 683 684 746 nub
700 693 810 746 terram
823 683 990 748 absconditi
1000 685 1061 746 dir-

115 791 226 863 parent,
240 782 371 842 evanuit.

150 887 201 940 56.
223 878 310 939 Illud
329 887 429 939 tamen
452 898 521 940 rere
545 877 665 958 gloriari
686 899 803 961 possum
823 880 1004 962 prestitisse,
1023 901 1062 942 ae

115 976 181 1056 quid
195 977 375 1036 intentatum
387 973 592 1057 relinquerem,
611 996 671 1056 qao
684 976 850 1038 accuratior
862 977 928 1038 brec
940 977 1063 1038 historia

115 1071 211 1134 fieret:
234 1093 364 1156 eamque
379 1071 547 1136 adhibuisse
563 1071 762 1152 diligentiam,
781 1081 815 1133 ut
829 1093 926 1155 nequo
941 1075 985 1151 'ab
998 1075 1063 1137 ullo

114 1169 228 1248 iugenio
241 1190 351 1231 novum
365 1169 479 1252 aliquid
491 1189 531 1232 ex
544 1169 581 1231 iis
591 1169 699 1230 saltem
710 1171 764 1252 qui
776 1178 880 1232 extent
891 1172 1061 1234 actoribus

114 1267 170 1326 erui
196 1287 284 1348 ponae
307 1275 427 1348 putem
450 1276 481 1328 et
504 1285 573 1328 cum
594 1266 800 1350 celeberrimos
820 1265 1062 1350 doctiarimcaque

114 1363 188 1423 riroa
212 1365 381 1443 rogaverim
406 1363 527 1437 multoc,
550 1383 569 1424 a
590 1365 707 1426 nemine
727 1364 799 1426 mibi
821 1364 913 1428 ullius
932 1365 1007 1444 gasti
1025 1385 1063 1428 ne

114 1459 233 1520 minima
251 1460 372 1541 quidem
390 1460 624 1536 circumstantia,
640 1480 731 1544 quam
748 1463 830 1544 prior
845 1481 907 1524 uon
926 1460 1062 1524 adverto-

114 1556 175 1628 rim,
188 1559 322 1639 potuerit
333 1557 468 1619 indicari.

148 1661 200 1718 57.
223 1653 377 1726 Ceterum,
403 1663 438 1716 ut
459 1654 500 1716 ad
522 1653 644 1718 accialis
667 1654 739 1717 belli
764 1654 958 1739 exponendos
975 1675 1063 1718 cam

113 1759 252 1822 revertar,
279 1750 315 1811 L.
339 1750 490 1812 Oaeaarem
512 1752 662 1816 consulem
682 1773 749 1814 cum
769 1753 892 1832 triginta
915 1751 1060 1834 peditum,
1073 1749 1180 1818 ΛΡΜ·

112 1849 241 1929 quinque
261 1849 395 1928 equitum
408 1833 546 1910 'millibus
566 1848 691 1930 reperio,
705 1849 779 1912 locis
799 1849 909 1930 iniquia
927 1849 1061 1911 exercitu

112 1941 212 2017 ducto,
226 1946 259 2005 in
280 1945 374 2006 Marii
396 1945 517 2026 Egnatii
538 1945 683 2006 Samnitis
702 1945 823 2008 insidias
840 1946 1060 2031 praecipitum

112 2039 330 2124 fugientemque
355 2042 473 2114 lectica,
499 2041 580 2125 quod
605 2043 676 2124 equi
699 2043 916 2104 succussionem
941 2051 1063 2125 propter
1111 2071 1115 2078 ¹

112 2139 245 2200 morbum
258 2138 333 2200 serre
353 2161 411 2202 nou
428 2148 537 2222 possm,
555 2138 636 2222 apud
655 2138 776 2200 fluvium
789 2137 939 2221 quendam
952 2141 1062 2220 (nequa

111 2254 215 2296 nomen
234 2235 376 2316 traditur)
389 2237 439 2298 cui
457 2257 531 2318 pons
549 2244 664 2297 tantum
680 2235 784 2296 unicus
797 2233 897 2307 riserit,
916 2237 1061 2315 majorem

110 2333 264 2414 copiarum
277 2342 392 2414 partem
405 2334 546 2394 ambitae.
586 2331 681 2392 'l'eaui
698 2329 804 2392 deinde
818 2330 1000 2408 (Sidicinum
1013 2331 1061 2393 tir·

111 2428 164 2489 ine
186 2429 368 2509 conjecturis
391 2433 545 2510 assequor)
566 2429 596 2490 in
616 2427 727 2511 oppido
746 2429 861 2490 munito
879 2435 912 2490 et
930 2428 1061 2511 copioso,
1072 2427 1147 2480 M·
1154 2445 1193 2481 vr.

112 2526 352 2588 concurrentibus
374 2525 502 2588 adeum
526 2535 643 2588 emanue
665 2525 751 2587 novia
770 2524 925 2598 militibus,
947 2527 1061 2588 exerci-
1073 2497 1182 2625 iffi,

111 2630 171 2683 tum
188 2630 221 2684 et
235 2644 331 2696 arma,
349 2644 418 2685 nam
435 2634 467 2685 et
483 2624 547 2686 hac
564 2624 641 2685 iuter
658 2622 829 2703 fugiendum
845 2625 981 2706 projecta
996 2623 1061 2685 lue-

114 2728 187 2791 rent,
201 2740 364 2801 reparaue.

151 2823 201 2877 ott.
224 2816 396 2881 Obaidcbat
407 2818 505 2879 adbuc
517 2807 649 2879 Aceriaa
659 2818 690 2879 iu
702 2816 871 2899 Campania
883 2817 922 2880 (l.
933 2811 1063 2899 Papius,

113 2911 239 2994 adquae
259 2913 429 2976 liberandas
444 2914 541 2975 omnis
557 2914 611 2975 illa
622 2912 738 2982 ridetur
751 2934 771 2975 a
787 2914 911 2977 consule
922 2924 1064 2997 suscepta

113 3007 199 3073 fuisse
212 3010 377 3093 expeditio.
420 3011 528 3091 Igitur,
546 3012 760 3093 quamprimum
778 3020 938 3092 utcumque
951 3011 1062 3073 imun-

114 3122 184 3173 ratae
199 3111 279 3171 virae
296 3109 483 3191 placuerunt,
501 3118 533 3169 et
550 3109 612 3189 ipse
632 3108 724 3169 movit
737 3107 881 3181 Acerras,
900 3108 1062 3189 memeque

114 3210 211 3289 positis
223 3205 369 3269 comedit.
410 3204 514 3266 Socios
521 3206 602 3287 'prior
613 3204 725 3277 clades,
738 3204 891 3267 oousrrlem
902 3224 1014 3279 recem,
1027 3214 1063 3292 ut

110 3306 197 3395 sclito
212 3304 363 3377 cautiores
373 3311 483 3373 esent,
496 3300 700 3363 admonuerat.
741 3300 794 3363 Sic
812 3303 944 3383 utrisque
959 3320 1062 3363 casum
1192 3342 1202 3365 t

94 3436 98 3441 ·
116 3421 216 3482 pugnae
237 3398 368 3461 studiose
390 3398 563 3469 vitantibus,
586 3396 768 3479 aliquamdiu
793 3399 857 3459 eine
877 3398 1062 3463 memorabili

117 3498 172 3559 ullo
184 3506 295 3559 eventu
305 3496 418 3557 collata
430 3495 533 3557 castris
544 3504 643 3556 castra
655 3496 831 3555 habuerunt.
958 3544 962 3549 .
1001 3513 1004 3525 ·

153 3604 200 3657 59.
223 3592 396 3655 IntereaC.
414 3592 538 3665 Mariua,
549 3590 588 3653 ad
600 3610 688 3672 quem
699 3590 851 3655 Rutiliaui
861 3591 986 3673 imperii,
997 3602 1064 3672 post

118 3692 276 3753 caunetum
298 3689 459 3761 consulem,
482 3707 597 3749 summa
617 3688 757 3761 redierat,
774 3688 853 3749 male
869 3696 999 3769 spretum
1022 3690 1063 3749 ab
1181 3714 1184 3734 ι

118 3788 165 3849 illc
175 3786 333 3849 eonsilium
349 3794 477 3857 secutus,
499 3806 568 3847 auos
583 3787 662 3847 intra
678 3786 860 3846 munimenta
871 3795 1061 3855 exercuerat-3
1082 3778 1086 3797 ¹

119 3886 205 3945 donec
218 3886 319 3945 hostes
338 3884 369 3943 in
387 3902 454 3947 eam
467 3882 655 3943 securitatem
668 3881 804 3955 adduxit,
822 3891 857 3943 ut
869 3901 1018 3961 nunquam
1029 3902 1062 3943 sa

118 3968 224 4043 risuros
237 4000 326 4060 aequo
338 3979 406 4041 loco
420 3976 551 4039 Marium
564 3979 775 4057 existimarent.
798 3978 896 4059 Igitur
907 3998 975 4041 cum
983 3989 1063 4059 crepe

119 4080 204 4159 copiis
226 4086 296 4139 ante
324 4086 423 4139 caetra
448 4076 597 4137 instructis
622 4084 798 4157 potestatem
823 4095 930 4158 pugnae
954 4073 1063 4136 lruatra

120 4174 248 4237 iecissent
272 4174 380 4246 Marsi,
398 4171 563 4233 adhibitam
585 4172 671 4233 initio
688 4192 789 4235 curam
810 4171 956 4253 paulatim
976 4171 1062 4233 remi·

121 4282 219 4334 want.
815 4320 817 4326 ,

156 4376 202 4431 60.
224 4368 284 4431 Sed
305 4370 357 4431 ubi
375 4368 448 4430 satis
467 4375 498 4429 et
514 4366 595 4449 apud
613 4387 682 4429 auos
702 4366 802 4439 animi,
816 4374 847 4426 ct
865 4364 946 4448 apud
968 4364 1065 4425 bcatea
