3300 5225
390 525 496 576 araur
523 525 707 578 lxxxvii.
730 525 1051 578 surraaunuruu.
1190 512 1279 582 Μ

162 668 311 750 pellectis,
324 686 432 750 magna
444 669 529 730 illum
542 669 688 740 ‘exercitus
700 678 783 752 parte
801 671 950 752 spoliavit
992 671 1035 735 Et
1047 671 1116 736 Me-

162 766 254 830 tellus
278 768 371 828 alium
393 769 540 830 Carbonis
559 769 722 832 exercitum
743 770 834 848 signis
850 769 973 832 collatis
994 769 1115 842 cecidit,
1126 775 1236 843 Appiae.

160 863 248 926 sacili
259 866 397 939 victoria,
411 866 482 948 quia
494 875 558 928 tum
570 887 689 946 queque
698 867 774 929 inter
783 867 974 948 pugnandum
983 869 1116 950 quinque

159 963 302 1024 cobortes
313 963 442 1026 bestium
452 961 492 1024 ad
504 962 589 1024 illum
599 962 781 1030 deiecerant.
823 962 936 1044 Neque
945 964 1039 1025 multo
1049 973 1117 1046 post

161 1060 329 1142 Pompeius
345 1061 426 1124 cirea
443 1060 538 1124 Senes
555 1059 665 1124 devicit
683 1061 845 1132 Marcium,
863 1071 894 1122 et
912 1072 946 1123 ut
962 1064 1115 1144 praemium

159 1160 275 1223 laboris
285 1169 403 1222 strenue
423 1160 526 1222 navati
545 1159 700 1234 baberent,
721 1161 825 1242 urbem
841 1168 961 1242 captam
974 1179 994 1220 a
1010 1161 1114 1222 militi-

161 1258 219 1318 bus
232 1257 318 1339 diripi
332 1277 434 1338 pamus
447 1265 506 1338 est,

202 1363 235 1418 a.
256 1355 318 1418 Sed
330 1375 391 1418 uon
399 1357 478 1418 sicut
487 1355 642 1434 indulgens
653 1356 684 1416 iu
697 1356 903 1428 benemeritos,
912 1357 956 1416 sic
968 1357 1058 1422 etiarn
1070 1359 1114 1447 in3

159 1454 328 1516 solantibus
338 1453 414 1514 lenis
425 1461 478 1514 aut
493 1454 637 1536 propitius
654 1453 720 1538 fuit,
764 1453 933 1516 Mediolani
949 1455 1116 1518 trucidatus
1126 1463 1209 1513 Frons
1222 1480 1242 1514 1.
1252 1467 1280 1514 e.

159 1554 275 1633 injussu
288 1561 471 1613 mascusius
483 1552 596 1614 fueret:
610 1571 705 1633 eeque
715 1552 806 1634 culpe
817 1552 858 1613 ad
870 1551 979 1614 multos
988 1553 1114 1634 pertine·

159 1651 226 1712 bat.
267 1649 432 1732 Pompeius
457 1651 557 1728 igitur,
584 1667 620 1710 ae
644 1649 802 1711 tumultum
826 1659 988 1721 mouerent,
1012 1650 1037 1709 si
1057 1651 1115 1710 soli

157 1756 366 1818 evellerentur,
386 1748 509 1817 veritus,
526 1747 693 1808 universum
706 1747 868 1808 exercitum
882 1747 984 1808 adesse
1000 1749 1030 1809 in
1042 1768 1114 1808 eous

156 1845 278 1906 monem
295 1845 396 1925 jussit.
438 1843 490 1904 sie
511 1852 663 1914 nocentes,
689 1828 761 1923 quia
782 1864 850 1906 eum
871 1845 1008 1906 omnibus
1027 1846 1115 1907 ecciti

156 1950 257 2015 erant,
281 1942 364 2004 aliud
386 1942 461 2023 quid
478 1941 556 2004 velle
578 1941 785 2022 imperatorem
806 1943 875 2013 reti,
894 1941 1059 2002 affuerunt:
1083 1951 1116 2003 et

156 2049 263 2100 cetera
274 2059 342 2121 pars
350 2039 508 2110 exercitus,
522 2058 590 2120 que
603 2043 678 2118 pura
692 2038 732 2098 ab
745 2038 799 2100 illo
809 2038 931 2101 crimine
943 2047 1018 2110 erat,
1033 2048 1114 2120 post-

156 2157 251 2217 quam
264 2135 415 2198 intellecta
432 2156 479 2198 ree
489 2143 547 2208 eet,
567 2142 651 2196 tanto
663 2133 879 2214 diligentiorem
893 2136 925 2197 in
943 2135 1113 2198 eustodiem

155 2235 208 2296 dis
219 2235 279 2296 reis
290 2236 491 2316 prestiterunt
502 2253 634 2316 operam,
645 2253 682 2294 ne
693 2233 811 2295 illorum
821 2233 895 2314 fuga
907 2234 964 2296 eibi
971 2244 1114 2315 tanquam

154 2333 285 2394 conniis
295 2331 429 2412 ejusdem
441 2351 530 2393 noxae
542 2333 747 2412 imputaretur.

157 2477 163 2490 .
199 2436 231 2494 ⁷.
253 2429 378 2492 Interim
401 2429 437 2492 L.
461 2427 551 2511 Sylla
569 2428 753 2511 compulsum
768 2429 847 2490 intra
861 2428 1114 2496 Praenestinorum
1126 2443 1234 2508 Appiae.

157 2527 270 2588 moenia
282 2529 416 2590 Marium
431 2527 656 2597 circumvallare
673 2534 813 2608 creperet,
834 2528 907 2607 quia
923 2535 1043 2608 propter
1056 2527 1115 2588 loci
1126 2509 1181 2559 Liv.
1193 2510 1259 2574 ¹³9³*

158 2636 297 2687 netnmm
318 2628 481 2709 expugnari
500 2628 589 2687 armis
606 2626 757 2707 nequibat.
800 2624 886 2687 Nam
903 2646 995 2708 supra
1010 2628 1113 2687 urbem
1142 2640 1254 2692 scaev.

155 2742 246 2789 mens
256 2725 411 2787 excelsasb
423 2726 454 2785 iu
466 2722 655 2786 altitudinem
673 2722 799 2803 amplius
817 2742 956 2803 pennum
968 2722 1112 2785 ducento-
1126 2721 1151 2770 Ρ·
1163 2710 1222 2755 Μ

156 2840 225 2881 rtrrn
237 2822 453 2903 quinquaginta
464 2820 677 2901 consurgebatt
701 2822 767 2883 baec
780 2840 836 2881 arx
848 2830 913 2881 erat
926 2821 1068 2890 civitatis,
1081 2829 1114 2883 et

156 2921 198 2981 ab
212 2919 331 2981 diversa
343 2928 428 3003 perte
442 2920 662 2981 continentibus
677 2919 761 2998 jugis
778 2927 903 2998 angmte
915 2920 1033 2980 cervice
1040 2920 1112 2998 jun·

156 3020 296 3098 gebatur.
339 3016 435 3097 Igitur
444 3017 551 3079 loesam
559 3016 1003 3097 vallumqueelengiuquoduei
1006 3017 1111 3095 jussit:
1124 3036 1233 3101 Appius.

156 3116 302 3197 operique
329 3114 498 3175 Lucretium
522 3112 655 3176 Ofellam
674 3112 820 3193 prefecit,
840 3114 972 3193 equitem
997 3112 1112 3175 Rome
1124 3101 1192 3153 ΡΜ·

156 3221 253 3287 ιιιιιιι,θ
272 3213 325 3295 qui
346 3232 439 3295 nuper
460 3232 478 3273 e
499 3210 698 3273 Carboniauis
719 3210 853 3292 pastibus
874 3209 914 3272 ad
932 3230 965 3273 te
984 3210 1113 3271 trmsfu·
1127 3166 1277 3281 ,alfigi

156 3320 252 3391 ‘em
1054 3302 1061 3309 ‘
1086 3344 1089 3354 ,
1125 3297 1276 3349 vellum.

196 3416 228 3471 8.
251 3406 458 3469 Idconsilium
471 3410 491 3467 ts
503 3393 681 3487 quibusdam
695 3404 904 3485 reprehensum
915 3414 972 3477 est,
986 3425 1045 3469 non
1057 3405 1111 3465 im·
1141 3425 1190 3475 Dte
1206 3442 1247 3491 tt)-

156 3504 353 3586 probabiliter
365 3504 576 3587 quaerentibus,
591 3510 692 3563 ‘cure
705 3502 883 3581 totegregiis
894 3522 971 3583 quos
986 3503 1069 3565 circa
1079 3522 1111 3563 se
1125 3493 1209 3543 V²¹⁰⁸·

155 3604 290 3665 babebat
301 3602 384 3676 viris,
395 3601 553 3673 neminem,
566 3598 620 3661 sed
629 3599 787 3663 obscurum
800 3609 833 3661 et
843 3600 1004 3680 ignobilem
1017 3601 1111 3661 bomi-

188 3748 202 3783 ⁸
214 3748 280 3799 Nam
289 3762 362 3813 repra
372 3748 453 3798 urbm
462 3762 528 3798 ιιιοιιι
538 3747 616 3797 eeccl-
651 3744 792 3809 consurgit.
811 3746 881 3796 Grec.

151 3814 209 3878 rus]
225 3812 364 3865 Strabonis
380 3828 470 3863 nasas
481 3826 533 3863 nen
551 3812 616 3861 satit
683 3810 844 3860 elicientium
856 3810 1112 3875 osellnmpm‘tem

154 3887 280 3931 acerete
289 3880 333 3929 bic
344 3886 559 3942 representatur,
571 3877 616 3941 qui
651 3874 799 3939 Romen]
819 3876 862 3925 Sic
873 3885 1001 3927 memorat
1012 3876 1111 3939 Appia·

155 3946 217 3995 talia
228 3955 289 3994 est:
315 3942 391 3993 Areia
407 3944 464 3993 leco
482 3946 616 4007 supra'ur·
651 3948 699 3990 uns
710 3954 742 3989 eo
752 3942 810 3991 leco
821 3943 866 3991 nbi
885 3942 918 3991 de
928 3941 1004 4005 bujun
1016 3942 1112 3990 Lucre·

154 4011 216 4059 bern
250 4009 355 4073 adjecet
387 4022 460 4059 ment
488 4008 617 4070 excelsae,
652 4006 858 4070 tilmortauglt·
883 4008 981 4057 lllrmat
995 4007 1111 4070 Dio,qnl

154 4076 278 4139 idemque
289 4090 306 4123 a
318 4082 402 4137 terge,
413 4074 439 4123 id
451 4079 504 4135 eet,
515 4088 545 4123 co
560 4074 616 4123 loco
651 4070 748 4121 bomini
760 4073 872 4123 obrcnro
882 4079 911 4123 ct
919 4072 1028 4135 ignobili
1038 4086 1112 4119 man·

155 4155 208 4205 qno
226 4138 260 4189 ab
279 4138 342 4187 urba
355 4140 464 4188 maxime
478 4138 588 4196 recedit,
601 4155 618 4188 ι
651 4136 740 4185 datam
752 4150 766 4186 a
778 4137 850 4200 Sylla
862 4137 1052 4187 Proenrstinarn
1065 4136 1110 4184 ob·

154 4205 354 4256 cuttiuentibnr
371 4205 441 4267 jugis
459 4218 506 4269 per
522 4218 615 4268 angur-
651 4200 778 4252 sidionem
800 4211 900 4251 narrat.
933 4203 1049 4251 Velleius
1072 4210 1110 4249 ta·

155 4278 198 4321 tar
209 4269 302 4321 sams
313 4269 450 4337 dividitur,
461 4283 539 4333 repra
551 4284 615 4333 quat
651 4280 711 4315 meu
730 4284 788 4317 rum
807 4276 949 4331 praetorem
962 4267 996 4317 ad
1014 4266 1109 4329 Syllam

154 4334 615 4398 ittaltitudlncmducentorumquin·
651 4332 819 4399 transfugisse
831 4339 967 4384 mensuret.
986 4332 1058 4386 Creu.

156 4401 617 4467 quagintsptstuumreetearcenru
739 4416 744 4425 ¹
