3300 5225
856 538 894 587 r.
916 536 1016 587 srvrr
1137 578 1150 599 ,

542 688 586 753 ta,
599 678 773 761 proditionis
784 678 909 761 college
928 700 1010 742 reum
1029 686 1164 759 egeram,
1175 686 1219 751 et,
1232 697 1302 741 curs
1316 676 1393 739 nibil
1407 697 1498 740 aces·

541 778 636 839 sendo
646 776 849 859 proiecissent,
859 788 950 839 noctu
960 776 1168 839 interfecerant
1180 775 1377 857 perinsidias.
1399 774 1499 848 Hinc,

543 876 663 935 irritatis
683 894 861 957 magnopere
880 874 1104 957 Sinopensibus,
1123 896 1214 935 unam
1232 873 1414 953 effugienda
1432 874 1522 935 visat
1628 945 1629 950 η

543 970 633 1035 dictae
648 973 731 1035 mam
748 973 906 1045 creditam,
922 973 1112 1054 tyrannidem
1128 974 1310 1034 invaserunt.

585 1077 635 1136 19.
657 1069 1168 1141 Οηιηίηοοταωοιῑ,υιηοιιιιιι
1184 1090 1204 1131 a
1224 1070 1361 1150 Bosporo
1379 1067 1501 1129 adess-

543 1174 591 1229 tra
611 1165 730 1227 Luculli
745 1168 888 1229 seberus
903 1168 1045 1227 oneraria
1064 1166 1177 1227 rrercs⁴
1188 1173 1407 1248 appsmerunt:
1425 1184 1501 1245 quas

543 1283 611 1325 cum
633 1264 801 1325 triremibus
822 1264 993 1346 quindecim
1014 1264 1172 1345 prefectus
1192 1264 1296 1325 classis
1318 1262 1502 1323 Censorinus

415 1436 420 1449 .
542 1358 720 1422 deducebat.
763 1360 862 1441 Igitur
874 1360 1020 1423 Seleucus
1030 1382 1100 1423 cum
1114 1360 1263 1422 Cilicibus
1281 1361 1342 1421 suis
1360 1370 1395 1420 et
1412 1356 1502 1419 Sino·

414 1458 427 1489 ⁰
544 1457 678 1539 pensioni
704 1458 831 1519 navibus
855 1456 951 1538 longis
975 1466 1144 1539 provectus,
1169 1458 1315 1539 superatis
1338 1454 1501 1525 Romanis,

544 1555 692 1619 onerarias
713 1554 831 1635 aliquot
851 1555 1008 1615 abstraxit.
1051 1554 1134 1615 Haec
1149 1554 1270 1616 fortuna
1287 1554 1384 1633 magis
1402 1550 1503 1612 adbuc

544 1650 670 1723 inflavit,
684 1652 906 1733 asperioresque
922 1650 997 1713 t'ecit
1012 1660 1205 1733 tymnorum
1217 1651 1341 1722 animos,
1353 1649 1503 1729 multique

544 1747 584 1809 ab
611 1747 648 1807 iis
671 1748 888 1829 oppidanorum
913 1748 1028 1809 indicta
1051 1748 1225 1830 plerumque
1248 1767 1342 1808 causa
1355 1746 1502 1827 jugulati.

545 1842 607 1905 Sed
619 1852 652 1905 et
663 1844 739 1905 inter
752 1846 832 1927 ipsos
844 1865 949 1926 parum
960 1845 1168 1917 conveniebat,
1182 1843 1350 1905 Cleocbare
1364 1844 1503 1905 resistem

543 1940 616 2002 dum
629 1940 778 2003 Romanis
795 1941 1013 2013 contendente;
1036 1941 1176 2013 Seleuco,
1198 1940 1391 2001 trucidandos
1413 1940 1503 2001 Sino-

544 2057 660 2119 peuses,
684 2040 875 2120 acceptisque
897 2040 1068 2119 ingentibus
1090 2040 1220 2121 premiis
1240 2038 1419 2099 tradendam
1440 2036 1504 2097 Lo·

544 2132 625 2195 cullo
642 2134 756 2197 urbem.
799 2134 878 2197 Cum
895 2146 999 2197 neuter
1018 2135 1148 2208 cederet,
1165 2156 1197 2195 re
1217 2136 1248 2195 io
1266 2134 1367 2195 medio
1383 2132 1502 2205 relicta,

544 2249 616 2311 opes
634 2252 703 2293 suas
720 2233 862 2294 onerariis
873 2232 999 2295 neribus
1016 2232 1170 2315 impositas
1189 2230 1229 2292 ad
1247 2230 1427 2293 Macharem
1447 2232 1504 2291 rni-

544 2337 656 2401 serunt,
675 2328 862 2391 Mithridatis
881 2326 990 2404 tilium,
1008 2330 1061 2412 qui
1086 2339 1151 2391 tum
1175 2327 1255 2410 apud
1276 2328 1410 2390 Colchus
1432 2348 1503 2408 age-

417 2527 421 2535 '
585 2528 637 2585 20.
658 2522 780 2586 Circum
801 2524 868 2587 bec
884 2524 1039 2607 occupatis
1064 2524 1207 2587 Lucullus
1232 2525 1416 2606 superi-cuit,
1437 2545 1505 2587 css·

544 2620 656 2704 trisque
674 2622 713 2683 ad
735 2621 866 2705 Sinopen
891 2624 1008 2705 positis,
1035 2623 1219 2684 obsidionem
1245 2623 1347 2704 erepit.
1399 2620 1505 2684 Vene-

544 2727 614 2780 runt
625 2739 696 2780 mox
709 2739 728 2780 a
743 2720 890 2782 Macbsre
911 2721 1015 2802 legati,
1036 2721 1210 2784 societatem
1224 2730 1257 2782 et
1272 2719 1440 2782 amicitiam
1453 2739 1506 2800 pe-

544 2825 649 2878 tentes.
691 2819 779 2888 Quos
795 2818 849 2880 ille
868 2820 992 2880 comiter
1006 2827 1142 2901 receptos
1152 2819 1253 2879 omnia
1264 2837 1384 2898 sperare
1396 2837 1416 2878 a
1427 2837 1462 2877 se
1472 2825 1507 2878 et

544 2914 655 2995 populo
669 2913 810 2976 Romano
824 2916 926 2995 jussit,
939 2915 1013 2976 dum
1031 2937 1069 2977 ne
1086 2924 1255 2978 commeatu
1269 2935 1324 2976 rex
1336 2933 1441 2976 eorum
1456 2913 1505 2974 Si·

543 3031 699 3093 nopenses,
719 3021 771 3074 aut
790 3012 854 3076 ulla
873 3035 906 3074 re
924 3014 985 3075 alia
999 3017 1131 3094 juraret.
1173 3013 1347 3084 Machares,
1361 3032 1506 3092 responso

545 3108 663 3172 Luculli
684 3111 815 3190 cognito,
840 3111 944 3174 facisse
965 3113 1112 3194 imperata
1140 3131 1201 3172 nou
1228 3117 1397 3181 contentu,
1415 3117 1454 3169 ut
1472 3130 1505 3168 se

544 3207 620 3268 bene
633 3216 664 3268 et
677 3208 811 3286 gnaviter
822 3207 985 3270 destinasse
997 3209 1139 3290 probaret
1154 3207 1317 3268 amicitiam
1328 3205 1506 3266 Romanam

544 3302 653 3377 colere,
667 3305 808 3386 quicquid
821 3306 853 3364 in
873 3305 1246 3368 usumMitbridaticarum
1264 3303 1396 3387 partium
1414 3323 1506 3385 para·

545 3411 641 3472 versu,
653 3399 732 3461 ultro
745 3401 775 3460 in
788 3411 888 3463 castra
900 3402 1021 3465 Luculli
1032 3403 1122 3464 misit.

586 3501 638 3556 21.
653 3495 708 3559 ‚Ba
720 3519 767 3558 res
777 3519 835 3558 non
847 3497 944 3561 solum
955 3501 1155 3561 obsessoribus
1171 3497 1246 3560 fecit
1265 3499 1392 3570 animos,
1406 3496 1464 3559 sed
1475 3499 1510 3559 et

546 3600 687 3672 tyrannos
706 3595 824 3674 penitus
845 3594 947 3675 adegit
963 3595 1004 3660 ad
1016 3595 1262 3679 desperationem.
1302 3594 1403 3675 Igitur
1415 3604 1508 3656 nocte

382 3699 491 3814 pppim.
547 3687 677 3770 quadem
691 3712 744 3773 per
756 3692 866 3754 milites
877 3693 950 3754 orbe
965 3695 1053 3773 jussa
1063 3692 1164 3774 diripi,
1177 3692 1397 3771 levioribusque
1418 3692 1507 3752 nari-

383 3779 527 3884 Pffffi
547 3787 603 3865 giis
614 3786 750 3860 delectis,
763 3809 831 3850 cunr
852 3791 969 3869 magnis
988 3790 1103 3852 divitiis
1115 3789 1154 3850 ad
1176 3789 1317 3850 interiora
1329 3786 1440 3858 Ponti,
1453 3788 1508 3848 ubi

384 3893 493 3959 Appias.
548 3881 642 3944 Sanni
657 3883 788 3966 basique
802 3886 952 3959 accolunt,
968 3886 1171 3969 profugerunt,
1193 3886 1311 3965 ignibus
1329 3893 1423 3945 antes
1437 3883 1507 3944 reli-

384 3959 514 4072 ffl'm·
547 3998 622 4058 quas
641 3981 672 4040 in
694 4000 784 4042 naves
802 3981 930 4061 injectis.
972 3983 1132 4044 Lucullum
1151 3991 1234 4043 ortus
1253 3983 1285 4042 in
1302 3981 1376 4042 urbe
1388 3979 1508 4042 clamor

385 4087 514 4142 Memnon.
547 4075 688 4152 (multum
699 4077 777 4136 eninr
787 4077 902 4138 cedem
911 4079 989 4140 inter
1001 4077 1200 4160 diripiendum
1210 4077 1325 4140 Cilices
1333 4076 1506 4156 ediderant)

545 4171 635 4236 simul
647 4171 767 4236 damma
779 4175 844 4234 risa
857 4173 1023 4250 admonuit,
1036 4185 1073 4236 ut
1094 4175 1134 4236 ad
1147 4177 1251 4235 urbem
1267 4175 1403 4248 duceret,
1416 4177 1508 4255 cujus

674 4401 690 4448 t
706 4395 741 4448 rt
750 4399 867 4451 ssemriae
876 4413 949 4450 usses
958 4396 1187 4453 omittebantedd.
1196 4406 1260 4452 aute
1272 4399 1351 4452 cres.
