3300 5225
511 983 1447 1110 SUPPLEMENTUM

797 1272 934 1339 LIBRI
971 1272 1162 1339 LXXXI.

761 1524 1197 1602 HtSTORtARUM

613 1773 674 1862 Τ.
727 1774 922 1863 LIVII
973 1770 1358 1861 PATAVINI.

592 2332 621 2385 1.
636 2295 849 2387 Exposrrrs
870 2322 1019 2385 Romanae
1033 2326 1113 2386 urbis
1124 2324 1355 2395 calamitatibus,
1368 2322 1411 2383 ad
1424 2322 1537 2383 Mithri-

590 2420 721 2482 doticum
735 2422 859 2493 bellum,
869 2431 901 2482 ct
913 2444 959 2483 reu
971 2424 1087 2483 interim
1100 2444 1120 2483 a
1134 2422 1169 2483 L.
1180 2422 1383 2504 Syllam,
1396 2432 1538 2482 revomen-

590 2517 661 2577 dum
675 2520 747 2579 ost*
789 2517 877 2600 Sylla
886 2520 1018 2601 quinque
1031 2519 1162 2598 legiones
1170 2540 1239 2579 cum
1252 2519 1419 2578 auxiliariis
1430 2517 1539 2597 aliquot

590 2616 762 2676 cohortibus
786 2626 818 2675 et
844 2617 977 2696 equitum
1005 2616 1062 2677 alia
1092 2619 1124 2676 in
1154 2616 1304 2677 Graeciam
1329 2624 1539 2676 transvexerat.

593 2711 712 2772 Deinde
725 2712 862 2773 collectis
880 2734 918 2772 ex
934 2711 1049 2773 AEtolia
1065 2713 1278 2792 Thessaliaque
1289 2713 1503 2772 commeatibus
1513 2721 1541 2770 et

592 2809 724 2880 auxiliis,
744 2819 900 2890 postquam
912 2811 985 2868 satis
999 2810 1157 2870 instructus
1169 2831 1231 2869 ease
1247 2810 1327 2869 visus
1338 2819 1393 2879 est,
1415 2811 1447 2868 in
1460 2809 1540 2868 Atti-

591 2926 659 2966 cam
673 2905 812 2967 adversm
833 2905 1020 2967 Archelaum
1036 2906 1145 2968 ducere
1158 2908 1336 2969 instituerat.
1378 2906 1443 2966 Per
1456 2905 1541 2966 Boro-

591 3003 665 3062 tiam
683 3013 747 3064 erat
761 3004 828 3074 ilar,
847 3005 937 3083 cujus
953 3002 1126 3085 pleramque
1144 3013 1258 3084 partem
1271 3024 1324 3084 per
1337 3003 1453 3081 legatos
1465 3023 1541 3062 rece·

446 3104 580 3170 Pht-Syll·
594 3099 655 3180 pit:
679 3098 783 3160 eadem
803 3098 925 3160 levitate
943 3099 1108 3160 animorum
1119 3099 1326 3160 deficientibus
1337 3121 1357 3160 a
1370 3099 1542 3158 Mithridate

428 3175 504 3221 aa

429 3237 537 3300 Appian.

429 3400 533 3452 Pausan.
543 3415 581 3451 rx.

593 3195 776 3266 civitatibus,
797 3215 887 3276 quam
900 3194 991 3277 paulo
1003 3204 1072 3257 ante
1086 3197 1126 3257 ad
1140 3195 1347 3258 Mithridatem
1360 3217 1381 3256 a
1397 3195 1542 3256 Romanu

593 3291 789 3354 desciverant.

633 3395 664 3448 2.
685 3389 757 3457 Quo
770 3392 799 3452 in
819 3410 925 3469 genere
939 3385 1087 3461 Thebani,
1101 3393 1179 3452 sicut
1194 3389 1286 3452 Urbis
1300 3389 1504 3470 magnitudine
1515 3399 1545 3448 et

594 3485 687 3564 gloria
698 3495 790 3568 caput
803 3486 930 3547 Boeotia
943 3486 1141 3560 habebantur,
1155 3489 1198 3548 ita
1211 3490 1368 3570 praecipuae
1376 3487 1417 3548 ad
1430 3497 1543 3546 mutau-

594 3581 648 3642 dos
660 3583 755 3644 socios
769 3583 972 3642 inconstantiae
979 3582 1160 3644 documenta
1171 3585 1328 3645 dederunt.
1361 3583 1424 3644 Sed
1436 3593 1545 3644 metum

594 3688 626 3738 ct
638 3679 873 3739 imbecillitatem
886 3699 970 3739 suam
981 3678 1166 3758 allegabant,
1187 3690 1197 3719 ‘
1209 3680 1302 3763 quod,
1318 3681 1458 3741 omnibus
1468 3683 1547 3740 circa

595 3774 634 3834 ad
655 3777 750 3855 regias
774 3785 875 3856 partes
891 3777 1119 3848 transeuntibus,
1143 3780 1275 3839 resistcre
1293 3787 1385 3838 tantm
1407 3779 1546 3858 potentia

595 3871 803 3952 nequivissent,
824 3893 914 3952 quom
934 3893 1030 3952 oeque
1051 3895 1134 3952 reges
1154 3876 1291 3935 maximis
1304 3875 1489 3935 exercitibus
1505 3877 1547 3932 in·

594 3971 709 4041 structi,
724 3989 819 4051 neque
834 3969 919 4030 Asia
935 3969 1122 4051 Graeciaequc
1135 3973 1256 4032 auxiliis
1266 3971 1384 4032 subnixi
1393 3970 1548 4032 Romano-

595 4087 659 4125 rum
672 4065 764 4128 duccs
776 4067 988 4127 sustinuissent.
1011 4067 1150 4130 Modicas
1161 4069 1275 4129 civitati
1285 4088 1346 4128 sure
1359 4069 1437 4129 viras
1448 4069 1547 4140 tuisse,

595 4163 686 4222 etiam
709 4165 910 4244 prosperrimis
923 4164 1115 4246 temporibus.
1157 4165 1235 4224 Tum
1252 4187 1332 4235 vero,
1351 4174 1460 4246 praeter
1477 4167 1549 4224 anti·

597 4260 712 4337 quiora,
726 4259 806 4320 bello
818 4260 957 4321 Achaico
970 4261 1013 4320 sic
1023 4282 1086 4322 esse
1099 4262 1298 4334 debilitatam,
1312 4273 1345 4323 ut
1362 4263 1414 4324 vix
1427 4283 1549 4344 recupe-

877 4456 892 4484 '
910 4455 942 4505 A.
953 4455 986 4504 U.
1000 4457 1030 4506 C.
1042 4461 1100 4508 665.
1136 4458 1167 4508 Α.
1179 4458 1210 4508 C.
1223 4461 1264 4506 87.
