3300 5225
399 601 502 652 nunni
530 603 653 654 nxxv.
676 605 1004 694 surranuauruu.
1172 603 1263 672 tuoe

141 739 297 802 excidium
311 761 451 825 usurpare
464 745 570 818 neuim,
580 745 719 812 intinere
732 771 822 814 manu
834 765 970 835 cogatur.
1010 753 1099 820 Idem

139 857 227 898 orare
248 848 322 921 puta
342 849 389 902 tot
404 839 624 924 Hirpinorum⁴
638 847 765 910 militum
782 851 813 912 in
830 851 978 914 Romame
994 857 1099 916 caseis

139 935 250 1007 millia,
272 957 397 1016 quorum
423 938 530 1001 fortem
558 940 740 1025 fidelemque
759 967 881 1030 operam
905 959 958 1010 turo
977 971 1097 1034 quoquc
1229 1021 1232 1028 ,

81 1045 86 1054 ·
138 1031 309 1093 testimonio
326 1034 407 1112 haud
424 1035 515 1098 semel
536 1041 687 1102 ornavisti.

181 1133 234 1190 ³5.
255 1129 351 1196 ‘Hos
371 1131 515 1213 profecto,
533 1155 601 1197 oum
625 1136 796 1198 alienissimi
817 1157 932 1220 semper
951 1141 992 1202 sb
1014 1147 1095 1206 omni

136 1223 261 1286 crimine
274 1225 396 1315 dietim,
409 1229 510 1292 aliena
522 1232 612 1314 culpa
625 1234 720 1316 perire
733 1233 841 1296 durum
853 1245 940 1298 esset.
975 1237 1095 1304 Perisse

137 1329 240 1380 antem
253 1324 410 1404 putabunt,
425 1326 477 1386 ubi
489 1327 643 1390 civitatem
660 1313 745 1392 suam
760 1332 898 1394 omnibus
912 1331 985 1394 belli
997 1334 1094 1398 cladi·

136 1416 193 1476 bus
205 1421 381 1498 pervnstmi,
391 1431 434 1494 et,
448 1423 529 1502 quod
541 1443 694 1486 neoessum
707 1436 753 1487 est
764 1426 819 1488 tali
832 1437 976 1510 tempore,
988 1431 1094 1492 eodem

134 1515 233 1575 exitio
246 1525 386 1578 nocentes
398 1519 580 1592 innocentes,
596 1529 631 1582 nt
647 1523 772 1604 quisque
790 1526 961 1599 occurrerit,
980 1525 1093 1590 involvi
1188 1569 1194 1576 -

123 1609 302 1674 ridebunt..
332 1611 444 1694 Neque
467 1617 547 1676 enim
568 1619 726 1698 quisquam
748 1629 794 1682 eet
815 1638 886 1682 vera
908 1620 1006 1684 Italus
1029 1633 1092 1686 tam

96 1755 100 1764 .
133 1707 175 1774 ab
198 1709 278 1770 omni
301 1711 412 1791 pietate
435 1720 575 1785 mmonm,
596 1723 630 1774 ut
652 1716 729 1778 inter
746 1717 824 1784 hana
846 1717 950 1798 naute
967 1717 1091 1782 calam·

14 1844 17 1852 ·
131 1807 473 1882 tetem‚sa1utemsuam
485 1811 584 1890 magni
598 1811 733 1874 estimet.
781 1811 843 1874 Sed
856 1822 888 1874 et
899 1813 1009 1876 liberos
1021 1837 1090 1898 par·

131 1923 199 1975 ros,
223 1913 431 1986 matronasque
452 1915 483 1966 et
499 1907 628 1986 virgines
653 1929 806 1970 occurrere
829 1909 879 1972 fac
897 1912 997 1973 eninm
1017 1921 1088 1975 ouo:

131 2019 258 2080 quorum
282 2003 412 2062 omnium
433 2001 664 2084 haudquaquam
683 2007 823 2086 ambigua
843 2015 890 2068 est
909 2007 1087 2070 innocentia.

131 2095 213 2158 Cum
225 2117 296 2158 vero
306 2100 456 2178 cogitabis
467 2100 622 2162 viduarum
635 2109 725 2182 atque
738 2101 917 2184 pupillorum
929 2103 1086 2184 iacrymas,

129 2197 219 2275 quae⁵
239 2195 318 2257 rinos
339 2216 419 2267 suos,
443 2199 495 2277 qui
515 2207 650 2279 parentes
671 2201 845 2280 sauguinem
862 2200 1015 2281 vitamque
1033 2223 1087 2282 pro

128 2291 255 2372 irnperio
273 2293 377 2374 populi
398 2292 531 2354 Romani
548 2293 722 2374 allegabunt
741 2294 917 2377 profudisse,
932 2299 1002 2377 jam
1022 2297 1086 2379 ipsa

129 2388 267 2470 profecto
280 2409 334 2470 pro
347 2391 530 2452 humanitate
542 2399 594 2451 tua
609 2391 774 2471 judicabis,
796 2393 894 2474 pofius
911 2394 942 2454 in
960 2393 1085 2473 mam
1206 2379 1210 2387 ¹

125 2495 173 2546 tot
185 2485 344 2546 insontium
358 2487 464 2548 noxios
476 2487 599 2559 dimitti,
621 2507 712 2569 quam
734 2490 838 2551 horum
857 2491 980 2552 crimine
993 2489 1085 2572 affligi

126 2581 242 2645 meliori
260 2582 324 2645 fato
342 2583 449 2663 dignos
466 2585 622 2667 oportere?
992 2591 999 2625 t

56 2722 61 2735 .
167 2686 219 2741 ³6.
243 2680 319 2741 Erat
332 2689 394 2743 tum
408 2680 506 2743 adhuc
518 2680 633 2743 alienus
646 2683 685 2743 ab
698 2682 779 2743 omni
792 2681 969 2744 crudelitate
982 2682 1082 2765 syna,

124 2786 179 2837 aut
191 2776 298 2838 salum
311 2787 344 2838 ut
356 2798 418 2838 esse
431 2778 582 2841 rideretur
595 2779 743 2841 studebat.
786 2776 908 2841 Idcirco
920 2800 980 2841 non
992 2780 1081 2842 modo

123 2868 254 2955 benigne
275 2876 428 2956 respondit
447 2875 568 2955 legatis3
583 2876 636 2937 sed
653 2878 744 2937 etiam
761 2874 852 2957 paulo
866 2886 935 2958 poet
954 2880 1081 2939 exorauit
1093 2876 1200 2943 Apptsn.

125 2970 327 3053 Hirpinorum
346 2970 465 3044 finibus,
482 2974 511 3031 in
530 2971 683 3035 Samnium
699 2972 833 3043 tendens,
853 2981 887 3033 ut
898 2973 993 3054 ipsam
1005 2974 1079 3036 beili

121 3068 243 3129 socialis
255 3088 355 3129 arcem
368 3069 563 3131 exscinderet.
606 3068 668 3131 Sed
682 3069 801 3151 Papius
811 3063 949 3141 Mutilus,
961 3069 1077 3131 Samni·

120 3166 197 3227 tium
218 3166 336 3239 ductor,
359 3168 389 3228 in
408 3168 478 3249 ipsis
494 3166 603 3229 finibus
614 3164 682 3228 cum
695 3165 798 3229 valida
810 3186 899 3227 manu
909 3169 1076 3251 excubans,

120 3263 222 3324 aditus
234 3263 401 3325 obsidebat.
1257 3326 1261 3331 .

160 3366 213 3425 37.
236 3357 333 3438 Igitur
350 3358 449 3441 Syna,
469 3379 539 3421 cum
556 3380 589 3419 se
609 3358 639 3421 in
659 3378 711 3420 eas
728 3359 880 3439 angustias
898 3358 1074 3435 demisisset,
1087 3366 1169 3420 Fiant.
1180 3388 1198 3421 1.
1211 3378 1237 3425 t.

118 3466 152 3518 ut
163 3456 372 3518 circumveniri
389 3456 479 3517 facile
497 3466 612 3539 posset3
634 3454 785 3535 colloquio
794 3456 900 3537 petito,
913 3456 952 3516 de
970 3456 1073 3518 condi·

117 3554 251 3615 tionibus
263 3553 346 3635 pacis
356 3553 468 3633 agitare
480 3572 548 3615 cum
562 3554 645 3615 hoste
658 3553 758 3634 erupit,
773 3553 855 3614 varie
868 3574 930 3614 rem
943 3553 1072 3627 uehens,

116 3651 214 3713 donec
229 3653 415 3713 occasionem
432 3650 580 3713 evadendi
597 3651 821 3712 nancisceretur.
864 3648 929 3710 Ubi
941 3651 1013 3711 eatis
1025 3672 1071 3712 re·

115 3750 238 3809 missam
257 3746 434 3809 Samnitium
451 3749 642 3809 attentionem
658 3746 745 3819 vidit,
763 3755 795 3807 et
806 3756 925 3827 propter
937 3745 1072 3807 inducias

114 3846 218 3914 omnia
237 3844 431 3924 negligentius
450 3844 665 3935 administratis
685 3842 803 3905 silentio
815 3843 911 3903 noctis
921 3842 1072 3924 proiectus

113 3952 172 4014 est,
191 3941 296 4001 relicto
316 3942 346 4001 in
365 3942 469 4005 cestrie
489 3940 689 4012 buccinatore,
710 3950 744 4001 ut
757 3948 901 4020 tanquam
920 3938 1070 4000 mutandis

111 4038 228 4117 vigiliis
246 4036 401 4099 cimicum
420 4057 473 4119 per
492 4036 580 4097 solita
602 4036 759 4099 intervalla
777 4044 910 4097 caneret.
952 4035 1002 4095 Ea
1022 4056 1069 4097 res

10 4138 13 4233 Ι
113 4134 207 4197 fidem
228 4136 374 4195 manentis
393 4134 497 4195 eodem
514 4132 581 4194 loco
597 4133 745 4194 exercitus
761 4135 883 4193 incauto
896 4131 972 4191 hosti
984 4130 1065 4193 iecit.
1088 4128 1092 4134 ’

10 4242 12 4271 ’
113 4232 237 4300 Quarta
247 4231 349 4310 vigilia
366 4232 532 4301 comunes,
553 4229 871 4309 buccinatoragminis
888 4248 1005 4288 suorum
1018 4249 1064 4289 ee·

144 4402 161 4447 t
178 4382 222 4449 lta
230 4412 265 4449 ex
276 4397 345 4447 Veli.
355 4398 471 4447 correxit
483 4398 560 4448 Cres.
570 4412 616 4460 nro
628 4396 788 4447 flauam
799 4395 825 4446 in
837 4394 898 4446 edd.
910 4391 1003 4461 priorr.

145 4470 160 4513 t
181 4464 231 4521 Qui
241 4478 290 4529 pro
300 4478 353 4527 usoe
364 4464 504 4514 exhibetur
515 4464 541 4513 tn
551 4463 611 4514 edd.
622 4472 684 4513 aute
695 4462 772 4513 Cres.
