3300 5225
363 579 469 630 eruar
495 575 668 629 uxxxrx.
691 575 1018 630 suerunrrsrrrurr.
1159 563 1249 632 4717

145 739 204 799 rege
223 729 352 802 ceperat.
394 721 457 784 Sed
473 722 545 802 quia
563 728 651 803 porta
670 727 735 780 erat
757 721 919 799 angustior,
940 741 1030 802 quem
1050 730 1085 782 nt

140 819 228 895 juncti
246 819 354 882 iutrme
372 819 522 901 elephanti
543 825 672 901 possent,
691 817 728 878 ed
743 818 898 898 pristinum
912 839 1024 880 morem
1037 839 1083 880 re·

146 935 236 974 versus
248 926 303 978 est.

180 1018 225 1072 ³0.
247 1013 329 1074 Dum
349 1011 379 1073 id
401 1013 509 1093 egitur,
523 1012 670 1072 exercitus
691 1009 833 1072 donativo
852 1030 912 1072 non
929 1021 1085 1074 contentus
1112 1020 1222 1072 Pronus.

144 1101 367 1170 tumultuehstur
379 1131 386 1170 :
401 1119 433 1172 et
445 1109 601 1190 pecuniam
611 1129 678 1190 quae
686 1116 752 1168 eret
760 1107 883 1168 ferenda
892 1110 922 1168 in
932 1111 1084 1191 triumpho
1095 1087 1166 1137 Μ·
1174 1103 1212 1136 ¹l‘
1220 1092 1247 1138 ⁵·

142 1205 300 1287 direpturos
308 1211 322 1240 ²
334 1205 484 1267 dicebant.
526 1203 638 1287 Neque
650 1205 773 1264 deerant
791 1225 830 1265 cx
844 1205 1018 1279 illustribus,
1030 1206 1084 1288 qui

143 1301 325 1364 dividendam
338 1302 481 1374 dicerent,
496 1323 533 1363 ne
555 1301 662 1362 seditio
678 1303 810 1362 oriretur.
853 1300 915 1362 Sed
927 1303 981 1363 ille
992 1324 1084 1384 nega·

143 1401 191 1460 hat
210 1410 266 1461 ‘se
278 1400 458 1462 clamoribus
480 1400 607 1460 militum
623 1400 813 1460 commoveri.
856 1398 931 1460 Non
951 1401 1018 1462 ideo
1035 1422 1085 1463 ce-

142 1499 212 1577 pisse
234 1519 328 1570 mma,
347 1508 378 1560 et
394 1518 463 1560 cum
476 1497 656 1579 principibus
675 1497 807 1557 civitatis
820 1495 915 1557 multe
926 1497 1029 1577 praelia
1040 1499 1085 1558 ie·

142 1595 221 1666 cisse,
234 1605 271 1656 ut
283 1597 320 1656 iis
339 1596 462 1656 serviret
481 1595 590 1675 quibus
611 1593 753 1674 imperare
771 1592 890 1653 debeat.
935 1593 1041 1655 Mirari
1054 1615 1086 1656 se

142 1689 286 1752 hominum
296 1693 466 1763 amentiam,
477 1692 502 1752 si
513 1699 618 1774 putent
627 1690 834 1762 constentiam,
842 1691 1087 1771 quamiumediis

141 1786 278 1847 bollenum
291 1786 466 1850 tumultibus
476 1807 592 1868 semper
611 1787 789 1868 praetiterit,
811 1807 889 1848 nuuc
901 1795 988 1868 parto
999 1808 1085 1869 pace,

142 1883 221 1942 victis
233 1885 379 1957 hostibus,
398 1884 437 1946 sd
458 1885 584 1956 Urbem,
605 1885 788 1945 omissurum.
831 1883 906 1944 Nou
923 1884 966 1942 its
983 1905 1015 1944 se
1035 1905 1087 1965 per

141 1977 257 2042 ltaliam
270 1983 327 2043 hoc
340 1982 431 2054 bello,
446 1981 639 2061 Siciliamque
653 1990 685 2040 et
696 1979 835 2040 Africam
847 2001 911 2040 esse
923 1983 1086 2059 cognitum,

141 2085 170 2135 ut
181 2076 223 2136 illi
236 2080 296 2158 ipsi
309 2099 383 2160 quos
395 2079 486 2139 enimi
499 2079 545 2138 sui
556 2085 644 2138 testes
656 2086 720 2138 toto
731 2097 768 2137 eo
781 2085 913 2162 tempore
925 2077 1086 2148 habuisset,

140 2185 250 2252 sperent
262 2175 409 2236 seditiosis
418 2177 542 2237 vocibus
556 2176 595 2236 eb
607 2177 741 2236 instituto
753 2173 898 2234 dimoveri
911 2195 1006 2254 posse.

177 2277 224 2332 31.
246 2273 407 2334 ‘Facilem
430 2293 462 2334 se
480 2281 511 2334 et
530 2273 684 2334 liberalem
696 2273 877 2333 exercitibus
887 2272 948 2330 suis
961 2272 1087 2351 impera·

139 2377 226 2430 torem
248 2371 430 2444 exhibuisse,
452 2369 551 2452 quoad
573 2379 684 2431 rectum
697 2371 911 2448 honestumque
924 2369 1087 2450 pnteverit:

139 2467 317 2528 nuncetiam
331 2467 536 2548 pronuntiasse
556 2467 637 2548 quod
659 2467 731 2528 satia
753 2485 815 2526 esse
837 2466 998 2536 existimet,
1012 2485 1088 2547 prar-

138 2564 234 2625 sertim
261 2573 324 2627 tem
345 2565 427 2628 brevi
451 2565 641 2649 expeditione
662 2563 820 2626 defunctis.
868 2562 952 2624 Olim
978 2561 1089 2623 milites

140 2659 291 2725 Romanos
310 2684 402 2745 parvo
414 2674 568 2725 contentos
587 2663 725 2725 maluisse
738 2661 895 2724 sudoribus
905 2669 937 2720 et
949 2658 1090 2742 periculis

138 2760 193 2818 suis
217 2762 355 2822 aerarium
381 2762 534 2843 publicum
558 2754 756 2843 locupletari:
792 2779 871 2819 nuuc
892 2758 949 2818 sibi
970 2758 1089 2819 studere

138 2876 295 2939 quemque,
307 2868 352 2929 ut,
366 2858 542 2920 defraudata
559 2860 723 2941 republica,
743 2859 773 2918 iu
786 2864 834 2917 tot
845 2854 1009 2937 particulas
1028 2854 1088 2915 dis-

137 2962 236 3015 tractae
254 2956 390 3039 monier
409 2977 504 3037 noque
523 2958 704 3038 privatorum
721 2952 919 3036 cupiditatem
933 2952 1087 3032 expleant,

137 3060 166 3110 et
178 3053 279 3113 usibus
302 3053 441 3126 civitatis,
463 3054 584 3114 nimium
600 3062 742 3135 quantum
763 3052 809 3112 his
831 3049 1012 3131 temporibus
1033 3067 1087 3109 ex·

137 3148 257 3222 haustae,
270 3151 492 3211 subtrahantur.

174 3252 223 3306 32.
244 3244 390 3306 ‘Audire
411 3267 443 3307 se
454 3248 566 3325 jactari
592 3267 611 3307 s
633 3244 821 3327 quibusdam,
845 3242 972 3304 multum
995 3241 1087 3301 etiam

132 3342 207 3417 juris
218 3362 314 3424 penes
324 3345 488 3404 exereitum
499 3364 571 3404 esse.
594 3342 634 3403 Id
647 3342 767 3424 quidem
778 3340 898 3402 facilius
909 3338 982 3410 diei,
995 3356 1086 3418 quam

135 3436 328 3499 demonstrari
342 3460 437 3520 posse.
479 3438 820 3515 Ceterum,utme1ime
838 3432 940 3497 iteres
951 3435 1086 3505 haberet,
1114 3453 1181 3503 Plus.

135 3534 253 3593 missum
271 3544 303 3593 se'
317 3536 397 3615 prius
409 3536 588 3618 triumphum
600 3534 710 3605 lacere,
722 3553 813 3615 quem
827 3541 862 3593 ut
872 3532 1016 3593 militibus
1028 3530 1089 3589 suis
1098 3520 1184 3634 ἓξὲξ·

134 3628 293 3690 aduletur?
334 3630 444 3692 Fasces
455 3631 562 3693 deinde
573 3632 721 3693 laureatos
738 3630 856 3710 objecit
876 3628 982 3689 acriter
994 3628 1087 3686 inere·
1174 3618 1182 3635 ⁹

135 3726 211 3803 pitis,
226 3726 267 3785 ab
281 3726 398 3787 illorum
419 3728 582 3810 direptione
600 3728 711 3807 jubens
725 3728 868 3807 incipere.
912 3724 986 3785 Hec
1003 3742 1087 3782 vere-

134 3820 241 3883 cundia
254 3844 324 3882 curn
341 3824 381 3883 ed
399 3825 572 3885 modestiam
586 3846 636 3886 eos
656 3824 828 3903 redegisset,
847 3823 876 3881 in
897 3820 1087 3900 meJor'uorn·

134 3918 214 3977 nium
237 3920 444 3993 admiratione,
468 3942 559 4003 quem
576 3923 616 3982 ob
638 3930 684 3983 tot
705 3940 751 3979 res
772 3918 856 3979 bello
878 3926 986 3996 gestas,
1008 3914 1084 3974 fuit:
1115 3948 1182 3997 Plut.

135 4008 352 4095 Serviliusque,
370 4019 536 4100 praecipuus
553 4029 642 4079 entes
661 4016 789 4095 negandi
811 4014 952 4093 triumphi
974 4020 1088 4080 auctor,
1101 4014 1186 4062 Zonar-

134 4110 364 4188 pulcherrimum
390 4117 418 4177 ei
444 4116 643 4178 testimonium
666 4112 814 4182 reddidit;
841 4120 946 4171 ‘nunc
968 4128 1038 4170 vero
1058 4126 1090 4167 se

135 4207 318 4291 Pompeium
330 4232 400 4274 vere
414 4214 571 4293 Magnum,
591 4212 798 4293 triumphoque
818 4208 1022 4288 dignissimum
1037 4224 1089 4284 ag-

134 4308 280 4370 noscere.'

403 4475 419 4521 2
439 4470 594 4536 Direptsrers
605 4467 666 4521 edd.
678 4474 740 4520 ants
752 4468 830 4518 Cres.
