<?xml version="1.0" encoding="UTF-8"?>
<!DOCTYPE html PUBLIC "-//W3C//DTD XHTML 1.0 Transitional//EN"
    "http://www.w3.org/TR/xhtml1/DTD/xhtml1-transitional.dtd">
<html xmlns="http://www.w3.org/1999/xhtml" xml:lang="en" lang="en">
 <head>
  <title>
</title>
<meta http-equiv="Content-Type" content="text/html;charset=utf-8" />
  <meta name='ocr-system' content='tesseract 3.04.00' />
  <meta name='ocr-capabilities' content='ocr_page ocr_carea ocr_par ocr_line ocrx_word'/>
</head>
<body>
  <div class='ocr_page' id='page_1' title='image "./tliviipatavinih01rupegoog_0453.png"; bbox 0 0 3300 5225; ppageno 0'>
   <div class='ocr_carea' id='block_1_1' title="bbox 424 549 1272 644">
    <p class='ocr_par' dir='ltr' id='par_1_1' title="bbox 424 549 1272 644">
     <span class='ocr_line' id='line_1_1' title="bbox 424 549 1272 644; baseline -0.002 -2"><span class='ocrx_word' id='word_1_1' title='bbox 424 593 528 644; x_wconf 85' lang='grc' dir='ltr'><strong>ιιιιιι</strong></span> <span class='ocrx_word' id='word_1_2' title='bbox 554 591 664 642; x_wconf 84' lang='lat' dir='ltr'>xorx.</span> <span class='ocrx_word' id='word_1_3' title='bbox 687 549 1025 642; x_wconf 57' lang='lat' dir='ltr'>surrnnrrnnruns</span> <span class='ocrx_word' id='word_1_4' title='bbox 1183 565 1272 640; x_wconf 79' lang='lat' dir='ltr'>teet</span> 
     </span>
    </p>
   </div>
   <div class='ocr_carea' id='block_1_2' title="bbox 146 731 1260 1698">
    <p class='ocr_par' dir='ltr' id='par_1_2' title="bbox 146 731 1260 1600">
     <span class='ocr_line' id='line_1_2' title="bbox 197 731 1107 819; baseline -0.004 -20"><span class='ocrx_word' id='word_1_5' title='bbox 197 741 248 799; x_wconf 74' lang='lat'>³8.</span> <span class='ocrx_word' id='word_1_6' title='bbox 269 735 345 798; x_wconf 86' lang='lat' dir='ltr'>&#39;l&#39;am</span> <span class='ocrx_word' id='word_1_7' title='bbox 361 756 483 819; x_wconf 77' lang='lat' dir='ltr'><strong>prosper</strong></span> <span class='ocrx_word' id='word_1_8' title='bbox 498 735 627 796; x_wconf 84' lang='lat' dir='ltr'>externis</span> <span class='ocrx_word' id='word_1_9' title='bbox 639 734 728 796; x_wconf 92' lang='lat' dir='ltr'>rebus</span> <span class='ocrx_word' id='word_1_10' title='bbox 740 753 845 806; x_wconf 88' lang='lat' dir='ltr'>annus,</span> <span class='ocrx_word' id='word_1_11' title='bbox 859 739 939 794; x_wconf 81' lang='lat' dir='ltr'>toton</span> <span class='ocrx_word' id='word_1_12' title='bbox 954 731 1047 793; x_wconf 70' lang='lat' dir='ltr'>imme</span> <span class='ocrx_word' id='word_1_13' title='bbox 1058 738 1107 795; x_wconf 88' lang='lat' dir='ltr'>tn·</span> 
     </span>
     <span class='ocr_line' id='line_1_3' title="bbox 151 830 1109 899; baseline -0.004 -1"><span class='ocrx_word' id='word_1_14' title='bbox 151 837 299 899; x_wconf 85' lang='lat' dir='ltr'>mnitibus</span> <span class='ocrx_word' id='word_1_15' title='bbox 309 845 341 898; x_wconf 87' lang='lat' dir='ltr'>at</span> <span class='ocrx_word' id='word_1_16' title='bbox 352 835 505 898; x_wconf 79' lang='lat' dir='ltr'>discordiis</span> <span class='ocrx_word' id='word_1_17' title='bbox 517 837 548 896; x_wconf 88' lang='lat' dir='ltr'>in</span> <span class='ocrx_word' id='word_1_18' title='bbox 559 835 646 896; x_wconf 83' lang='lat' dir='ltr'>Urbe</span> <span class='ocrx_word' id='word_1_19' title='bbox 659 841 826 896; x_wconf 83' lang='lat' dir='ltr'>transactus</span> <span class='ocrx_word' id='word_1_20' title='bbox 837 841 893 893; x_wconf 86' lang='lat' dir='ltr'>est.</span> <span class='ocrx_word' id='word_1_21' title='bbox 935 830 1019 893; x_wconf 89' lang='lat' dir='ltr'>Inter</span> <span class='ocrx_word' id='word_1_22' title='bbox 1031 831 1109 894; x_wconf 87' lang='lat' dir='ltr'>alias</span> 
     </span>
     <span class='ocr_line' id='line_1_4' title="bbox 149 929 1223 1014; baseline -0.006 -18"><span class='ocrx_word' id='word_1_23' title='bbox 149 953 260 996; x_wconf 83' lang='lat' dir='ltr'>causas</span> <span class='ocrx_word' id='word_1_24' title='bbox 271 935 424 995; x_wconf 85' lang='lat' dir='ltr'>turbarum</span> <span class='ocrx_word' id='word_1_25' title='bbox 437 935 566 994; x_wconf 76' lang='lat' dir='ltr'>ambitus</span> <span class='ocrx_word' id='word_1_26' title='bbox 577 941 652 1005; x_wconf 89' lang='lat' dir='ltr'>erat,</span> <span class='ocrx_word' id='word_1_27' title='bbox 667 930 818 1014; x_wconf 89' lang='lat' dir='ltr'>permultis</span> <span class='ocrx_word' id='word_1_28' title='bbox 830 929 968 1012; x_wconf 83' lang='lat' dir='ltr'>proxima</span> <span class='ocrx_word' id='word_1_29' title='bbox 983 940 1108 991; x_wconf 83' lang='lat' dir='ltr'>censrna</span> <span class='ocrx_word' id='word_1_30' title='bbox 1119 953 1180 1009; x_wconf 81' lang='lat' dir='ltr'>Dio.</span> <span class='ocrx_word' id='word_1_31' title='bbox 1220 998 1223 1004; x_wconf 52' lang='grc'><em>,</em></span> 
     </span>
     <span class='ocr_line' id='line_1_5' title="bbox 148 1015 1106 1111; baseline -0.004 -19"><span class='ocrx_word' id='word_1_32' title='bbox 148 1041 256 1094; x_wconf 83' lang='lat' dir='ltr'>senatu</span> <span class='ocrx_word' id='word_1_33' title='bbox 275 1032 372 1105; x_wconf 89' lang='lat' dir='ltr'>motis,</span> <span class='ocrx_word' id='word_1_34' title='bbox 385 1040 417 1092; x_wconf 88' lang='lat' dir='ltr'>et</span> <span class='ocrx_word' id='word_1_35' title='bbox 433 1031 567 1092; x_wconf 81' lang='lat' dir='ltr'>ordinem</span> <span class='ocrx_word' id='word_1_36' title='bbox 586 1029 719 1111; x_wconf 87' lang='lat' dir='ltr'>quolibet</span> <span class='ocrx_word' id='word_1_37' title='bbox 737 1028 827 1090; x_wconf 89' lang='lat' dir='ltr'>modo</span> <span class='ocrx_word' id='word_1_38' title='bbox 844 1015 1017 1109; x_wconf 79' lang='lat' dir='ltr'>recuperare</span> <span class='ocrx_word' id='word_1_39' title='bbox 1037 1049 1106 1108; x_wconf 89' lang='lat' dir='ltr'>pro·</span> 
     </span>
     <span class='ocr_line' id='line_1_6' title="bbox 148 1119 1260 1210; baseline -0.007 -19"><span class='ocrx_word' id='word_1_40' title='bbox 148 1129 334 1210; x_wconf 87' lang='lat' dir='ltr'>perentibus.</span> <span class='ocrx_word' id='word_1_41' title='bbox 375 1127 494 1190; x_wconf 79' lang='lat' dir='ltr'>idcirco</span> <span class='ocrx_word' id='word_1_42' title='bbox 516 1128 554 1189; x_wconf 83' lang='lat' dir='ltr'>C.</span> <span class='ocrx_word' id='word_1_43' title='bbox 569 1127 726 1189; x_wconf 86' lang='lat' dir='ltr'>Cornelius</span> <span class='ocrx_word' id='word_1_44' title='bbox 746 1127 882 1188; x_wconf 86' lang='lat' dir='ltr'>tribunus</span> <span class='ocrx_word' id='word_1_45' title='bbox 900 1125 998 1206; x_wconf 87' lang='lat' dir='ltr'>plebis</span> <span class='ocrx_word' id='word_1_46' title='bbox 1014 1125 1107 1185; x_wconf 89' lang='lat' dir='ltr'>iratus</span> <span class='ocrx_word' id='word_1_47' title='bbox 1134 1119 1260 1176; x_wconf 65' lang='lat' dir='ltr'>Ami·</span> 
     </span>
     <span class='ocr_line' id='line_1_7' title="bbox 147 1183 1192 1312; baseline -0.005 -26"><span class='ocrx_word' id='word_1_48' title='bbox 147 1227 278 1298; x_wconf 87' lang='lat' dir='ltr'>senatui,</span> <span class='ocrx_word' id='word_1_49' title='bbox 291 1224 372 1308; x_wconf 90' lang='lat' dir='ltr'>qnod</span> <span class='ocrx_word' id='word_1_50' title='bbox 386 1227 558 1312; x_wconf 72' lang='lat' dir='ltr'>relationem</span> <span class='ocrx_word' id='word_1_51' title='bbox 571 1227 647 1306; x_wconf 87' lang='lat' dir='ltr'>ejus,</span> <span class='ocrx_word' id='word_1_52' title='bbox 662 1234 670 1262; x_wconf 89' lang='lat'>‘</span> <span class='ocrx_word' id='word_1_53' title='bbox 685 1224 803 1304; x_wconf 89' lang='lat' dir='ltr'>nequis</span> <span class='ocrx_word' id='word_1_54' title='bbox 820 1222 926 1302; x_wconf 76' lang='lat' dir='ltr'>legatis</span> <span class='ocrx_word' id='word_1_55' title='bbox 937 1231 1106 1283; x_wconf 81' lang='lat' dir='ltr'>exterarum</span> <span class='ocrx_word' id='word_1_56' title='bbox 1117 1183 1192 1239; x_wconf 53' lang='grc' dir='ltr'>οη·</span> 
     </span>
     <span class='ocr_line' id='line_1_8' title="bbox 147 1312 1176 1405; baseline -0.002 -21"><span class='ocrx_word' id='word_1_57' title='bbox 147 1324 303 1385; x_wconf 75' lang='lat' dir='ltr'>cadonum</span> <span class='ocrx_word' id='word_1_58' title='bbox 325 1324 482 1405; x_wconf 86' lang='lat' dir='ltr'>pecuniam</span> <span class='ocrx_word' id='word_1_59' title='bbox 504 1341 665 1404; x_wconf 82' lang='lat' dir='ltr'>expensam</span> <span class='ocrx_word' id='word_1_60' title='bbox 687 1321 798 1394; x_wconf 79' lang='lat' dir='ltr'>ferret,&#39;</span> <span class='ocrx_word' id='word_1_61' title='bbox 823 1329 943 1381; x_wconf 86' lang='lat' dir='ltr'>senatus</span> <span class='ocrx_word' id='word_1_62' title='bbox 966 1319 1104 1400; x_wconf 86' lang='lat' dir='ltr'>repudia-</span> <span class='ocrx_word' id='word_1_63' title='bbox 1115 1312 1176 1366; x_wconf 77' lang='lat' dir='ltr'>Dio.</span> 
     </span>
     <span class='ocr_line' id='line_1_9' title="bbox 148 1416 1105 1500; baseline -0.005 -18"><span class='ocrx_word' id='word_1_64' title='bbox 148 1417 244 1492; x_wconf 78' lang='lat' dir='ltr'>verat,</span> <span class='ocrx_word' id='word_1_65' title='bbox 257 1420 296 1482; x_wconf 91' lang='lat' dir='ltr'>de</span> <span class='ocrx_word' id='word_1_66' title='bbox 316 1420 431 1482; x_wconf 89' lang='lat' dir='ltr'>ambitu</span> <span class='ocrx_word' id='word_1_67' title='bbox 451 1419 567 1480; x_wconf 82' lang='lat' dir='ltr'>ferebat</span> <span class='ocrx_word' id='word_1_68' title='bbox 584 1417 690 1500; x_wconf 76' lang='lat' dir='ltr'>legem,</span> <span class='ocrx_word' id='word_1_69' title='bbox 703 1425 772 1480; x_wconf 91' lang='lat' dir='ltr'>cnm</span> <span class='ocrx_word' id='word_1_70' title='bbox 790 1416 984 1480; x_wconf 74' lang='lat' dir='ltr'>acerbimimis</span> <span class='ocrx_word' id='word_1_71' title='bbox 1000 1418 1032 1477; x_wconf 88' lang='lat' dir='ltr'>in</span> <span class='ocrx_word' id='word_1_72' title='bbox 1049 1416 1105 1477; x_wconf 88' lang='lat' dir='ltr'>de-</span> 
     </span>
     <span class='ocr_line' id='line_1_10' title="bbox 146 1513 438 1600; baseline 0 -21"><span class='ocrx_word' id='word_1_73' title='bbox 146 1513 318 1599; x_wconf 78' lang='lat' dir='ltr'>linquentes</span> <span class='ocrx_word' id='word_1_74' title='bbox 334 1518 438 1600; x_wconf 86' lang='lat' dir='ltr'>poenis.</span> 
     </span>
    </p>

    <p class='ocr_par' dir='ltr' id='par_1_3' title="bbox 190 1610 1103 1698">
     <span class='ocr_line' id='line_1_11' title="bbox 190 1610 1103 1698; baseline -0.008 -20"><span class='ocrx_word' id='word_1_75' title='bbox 190 1621 241 1678; x_wconf 78' lang='grc'>39.</span> <span class='ocrx_word' id='word_1_76' title='bbox 262 1617 416 1678; x_wconf 88' lang='lat' dir='ltr'>Placebat</span> <span class='ocrx_word' id='word_1_77' title='bbox 434 1636 472 1678; x_wconf 91' lang='lat' dir='ltr'>ea</span> <span class='ocrx_word' id='word_1_78' title='bbox 486 1635 533 1677; x_wconf 92' lang='lat' dir='ltr'>res</span> <span class='ocrx_word' id='word_1_79' title='bbox 546 1615 667 1698; x_wconf 90' lang='lat' dir='ltr'>populo.</span> <span class='ocrx_word' id='word_1_80' title='bbox 710 1613 772 1676; x_wconf 84' lang='lat' dir='ltr'>Sed</span> <span class='ocrx_word' id='word_1_81' title='bbox 784 1621 885 1696; x_wconf 85' lang='lat' dir='ltr'>patres</span> <span class='ocrx_word' id='word_1_82' title='bbox 896 1610 1103 1672; x_wconf 78' lang='lat' dir='ltr'>terribiliorem</span> 
     </span>
    </p>
   </div>
   <div class='ocr_carea' id='block_1_3' title="bbox 144 1693 1266 1814">
    <p class='ocr_par' dir='ltr' id='par_1_4' title="bbox 144 1693 1266 1814">
     <span class='ocr_line' id='line_1_12' title="bbox 144 1693 1266 1814; baseline 0.003 -42"><span class='ocrx_word' id='word_1_83' title='bbox 144 1713 258 1794; x_wconf 85' lang='lat' dir='ltr'>specie,</span> <span class='ocrx_word' id='word_1_84' title='bbox 269 1735 359 1796; x_wconf 87' lang='lat' dir='ltr'>qnam</span> <span class='ocrx_word' id='word_1_85' title='bbox 372 1713 682 1775; x_wconf 79' lang='lat' dir='ltr'>effecturobustiorem</span> <span class='ocrx_word' id='word_1_86' title='bbox 684 1711 938 1792; x_wconf 65' lang='lat' dir='ltr'>‚legemcausati</span> <span class='ocrx_word' id='word_1_87' title='bbox 950 1693 1240 1809; x_wconf 52' lang='grc' dir='ltr'>οοιιιιιΙιιιιΜῦἒξΡω</span> <span class='ocrx_word' id='word_1_88' title='bbox 1171 1766 1266 1814; x_wconf 41' lang='grc' dir='ltr'>..οη</span> 
     </span>
    </p>
   </div>
   <div class='ocr_carea' id='block_1_4' title="bbox 144 1807 1250 2004">
    <p class='ocr_par' dir='ltr' id='par_1_5' title="bbox 144 1807 1250 1990">
     <span class='ocr_line' id='line_1_13' title="bbox 144 1807 1174 1892; baseline -0.017 -13"><span class='ocrx_word' id='word_1_89' title='bbox 144 1807 223 1871; x_wconf 64' lang='lat' dir='ltr'>ferre</span> <span class='ocrx_word' id='word_1_90' title='bbox 239 1811 393 1891; x_wconf 86' lang='lat' dir='ltr'>jusserrmt</span> <span class='ocrx_word' id='word_1_91' title='bbox 413 1812 551 1892; x_wconf 70' lang='grc' dir='ltr'>Ιιιςιιιιι,ι</span> <span class='ocrx_word' id='word_1_92' title='bbox 567 1812 610 1872; x_wconf 94' lang='lat' dir='ltr'>uti</span> <span class='ocrx_word' id='word_1_93' title='bbox 633 1811 822 1871; x_wconf 87' lang='lat' dir='ltr'>condemnati</span> <span class='ocrx_word' id='word_1_94' title='bbox 845 1807 985 1878; x_wconf 90' lang='lat' dir='ltr'>ambitus,</span> <span class='ocrx_word' id='word_1_95' title='bbox 1006 1826 1102 1887; x_wconf 88' lang='lat' dir='ltr'>nequa</span> <span class='ocrx_word' id='word_1_96' title='bbox 1115 1824 1174 1875; x_wconf 52' lang='lat' dir='ltr'>nh,</span> 
     </span>
     <span class='ocr_line' id='line_1_14' title="bbox 144 1889 1250 2004; baseline -0.024 -23"><span class='ocrx_word' id='word_1_97' title='bbox 144 1908 333 1986; x_wconf 78' lang='lat' dir='ltr'>magistratus</span> <span class='ocrx_word' id='word_1_98' title='bbox 345 1917 489 1990; x_wconf 74' lang='lat' dir='ltr'>gererent</span> <span class='ocrx_word' id='word_1_99' title='bbox 499 1918 531 1971; x_wconf 86' lang='lat' dir='ltr'>et</span> <span class='ocrx_word' id='word_1_100' title='bbox 540 1918 643 1972; x_wconf 91' lang='lat' dir='ltr'>senatu</span> <span class='ocrx_word' id='word_1_101' title='bbox 652 1915 852 1976; x_wconf 84' lang='lat' dir='ltr'>moverentur;</span> <span class='ocrx_word' id='word_1_102' title='bbox 874 1905 1018 1966; x_wconf 88' lang='lat' dir='ltr'>muletam</span> <span class='ocrx_word' id='word_1_103' title='bbox 1027 1925 1148 2004; x_wconf 89' lang='lat' dir='ltr'>quo</span> <span class='ocrx_word' id='word_1_104' title='bbox 1113 1889 1206 1940; x_wconf 51' lang='lat'>*¹⁰⁰¹*</span> <span class='ocrx_word' id='word_1_105' title='bbox 1215 1891 1250 1942; x_wconf 70' lang='lat'>¹¹³·</span> 
     </span>
    </p>
   </div>
   <div class='ocr_carea' id='block_1_5' title="bbox 127 1954 1276 4512">
    <p class='ocr_par' dir='ltr' id='par_1_6' title="bbox 127 1954 1276 4512">
     <span class='ocr_line' id='line_1_15' title="bbox 144 1954 1165 2088; baseline -0.001 -25"><span class='ocrx_word' id='word_1_106' title='bbox 144 2023 204 2083; x_wconf 90' lang='lat' dir='ltr'>qne</span> <span class='ocrx_word' id='word_1_107' title='bbox 218 2007 418 2086; x_wconf 71' lang='lat' dir='ltr'>pecuniariam</span> <span class='ocrx_word' id='word_1_108' title='bbox 431 2027 468 2067; x_wconf 92' lang='lat' dir='ltr'>eo</span> <span class='ocrx_word' id='word_1_109' title='bbox 481 2007 598 2067; x_wconf 89' lang='lat' dir='ltr'>nomine</span> <span class='ocrx_word' id='word_1_110' title='bbox 611 2004 794 2088; x_wconf 70' lang='lat' dir='ltr'>penderent!</span> <span class='ocrx_word' id='word_1_111' title='bbox 835 2002 957 2063; x_wconf 87' lang='lat' dir='ltr'>Interea</span> <span class='ocrx_word' id='word_1_112' title='bbox 968 2000 1040 2061; x_wconf 90' lang='lat' dir='ltr'>dum</span> <span class='ocrx_word' id='word_1_113' title='bbox 1049 1954 1165 2062; x_wconf 58' lang='lat' dir='ltr'>co-Dw</span> 
     </span>
     <span class='ocr_line' id='line_1_16' title="bbox 142 2098 1101 2186; baseline 0.002 -26"><span class='ocrx_word' id='word_1_114' title='bbox 142 2101 294 2163; x_wconf 86' lang='lat' dir='ltr'>mitiorum</span> <span class='ocrx_word' id='word_1_115' title='bbox 313 2102 378 2164; x_wconf 88' lang='lat' dir='ltr'>dies</span> <span class='ocrx_word' id='word_1_116' title='bbox 397 2113 584 2186; x_wconf 84' lang='lat' dir='ltr'>expectatur,</span> <span class='ocrx_word' id='word_1_117' title='bbox 603 2103 793 2164; x_wconf 76' lang='lat' dir='ltr'>nihilominus</span> <span class='ocrx_word' id='word_1_118' title='bbox 811 2100 940 2162; x_wconf 77' lang='lat' dir='ltr'>ambitum</span> <span class='ocrx_word' id='word_1_119' title='bbox 954 2098 1101 2172; x_wconf 81' lang='lat' dir='ltr'>fervebat,</span> 
     </span>
     <span class='ocr_line' id='line_1_17' title="bbox 142 2193 1100 2282; baseline -0.001 -25"><span class='ocrx_word' id='word_1_120' title='bbox 142 2205 205 2258; x_wconf 85' lang='lat' dir='ltr'>tam</span> <span class='ocrx_word' id='word_1_121' title='bbox 224 2198 446 2281; x_wconf 81' lang='lat' dir='ltr'>impudentibus</span> <span class='ocrx_word' id='word_1_122' title='bbox 456 2200 641 2282; x_wconf 89' lang='lat' dir='ltr'>quorundam</span> <span class='ocrx_word' id='word_1_123' title='bbox 654 2198 771 2272; x_wconf 86' lang='lat' dir='ltr'>studiis,</span> <span class='ocrx_word' id='word_1_124' title='bbox 785 2206 820 2259; x_wconf 90' lang='lat' dir='ltr'>ut</span> <span class='ocrx_word' id='word_1_125' title='bbox 832 2197 923 2258; x_wconf 87' lang='lat' dir='ltr'>etiam</span> <span class='ocrx_word' id='word_1_126' title='bbox 937 2193 1100 2256; x_wconf 83' lang='lat' dir='ltr'>homicidio</span> 
     </span>
     <span class='ocr_line' id='line_1_18' title="bbox 132 2293 1099 2376; baseline -0.001 -22"><span class='ocrx_word' id='word_1_127' title='bbox 132 2312 202 2368; x_wconf 86' lang='lat' dir='ltr'>¹non</span> <span class='ocrx_word' id='word_1_128' title='bbox 223 2296 428 2359; x_wconf 76' lang='lat' dir='ltr'>abstineretur.</span> <span class='ocrx_word' id='word_1_129' title='bbox 481 2297 608 2359; x_wconf 86' lang='lat' dir='ltr'>Factum</span> <span class='ocrx_word' id='word_1_130' title='bbox 630 2296 719 2376; x_wconf 83' lang='lat' dir='ltr'>igitur</span> <span class='ocrx_word' id='word_1_131' title='bbox 737 2293 1022 2356; x_wconf 72' lang='lat' dir='ltr'>senatusconsultum</span> <span class='ocrx_word' id='word_1_132' title='bbox 1042 2300 1099 2364; x_wconf 86' lang='lat' dir='ltr'>est,</span> 
     </span>
     <span class='ocr_line' id='line_1_19' title="bbox 141 2389 1118 2476; baseline -0.003 -23"><span class='ocrx_word' id='word_1_133' title='bbox 141 2399 151 2430; x_wconf 77' lang='lat'>⁸</span> <span class='ocrx_word' id='word_1_134' title='bbox 166 2391 206 2453; x_wconf 89' lang='lat' dir='ltr'>de</span> <span class='ocrx_word' id='word_1_135' title='bbox 219 2393 266 2454; x_wconf 90' lang='lat' dir='ltr'>his</span> <span class='ocrx_word' id='word_1_136' title='bbox 276 2395 366 2454; x_wconf 87' lang='lat' dir='ltr'>etiam</span> <span class='ocrx_word' id='word_1_137' title='bbox 380 2395 474 2476; x_wconf 76' lang='lat' dir='ltr'>quaeri</span> <span class='ocrx_word' id='word_1_138' title='bbox 486 2395 624 2476; x_wconf 77' lang='lat' dir='ltr'>placere3</span> <span class='ocrx_word' id='word_1_139' title='bbox 644 2394 819 2474; x_wconf 81' lang='lat' dir='ltr'>consulique</span> <span class='ocrx_word' id='word_1_140' title='bbox 832 2391 1000 2474; x_wconf 70' lang='lat' dir='ltr'>presidium</span> <span class='ocrx_word' id='word_1_141' title='bbox 1011 2389 1100 2452; x_wconf 69' lang='lat' dir='ltr'>dari!</span> <span class='ocrx_word' id='word_1_142' title='bbox 1115 2394 1118 2398; x_wconf 75' lang='grc'><strong>’</strong></span> 
     </span>
     <span class='ocr_line' id='line_1_20' title="bbox 140 2487 1244 2575; baseline 0.003 -23"><span class='ocrx_word' id='word_1_143' title='bbox 140 2487 288 2573; x_wconf 85' lang='lat' dir='ltr'>Namque</span> <span class='ocrx_word' id='word_1_144' title='bbox 309 2491 348 2553; x_wconf 79' lang='lat'>0.</span> <span class='ocrx_word' id='word_1_145' title='bbox 365 2491 452 2565; x_wconf 90' lang='lat' dir='ltr'>Piso,</span> <span class='ocrx_word' id='word_1_146' title='bbox 470 2512 540 2554; x_wconf 89' lang='lat' dir='ltr'>cum</span> <span class='ocrx_word' id='word_1_147' title='bbox 559 2501 678 2575; x_wconf 87' lang='lat' dir='ltr'>propter</span> <span class='ocrx_word' id='word_1_148' title='bbox 695 2489 916 2552; x_wconf 87' lang='lat' dir='ltr'>multitudinem</span> <span class='ocrx_word' id='word_1_149' title='bbox 933 2487 1097 2550; x_wconf 73' lang='lat' dir='ltr'>adversari·</span> <span class='ocrx_word' id='word_1_150' title='bbox 1107 2500 1244 2554; x_wconf 66' lang='lat' dir='ltr'>drmit.</span> 
     </span>
     <span class='ocr_line' id='line_1_21' title="bbox 138 2585 1098 2670; baseline -0.004 -21"><span class='ocrx_word' id='word_1_151' title='bbox 138 2605 224 2649; x_wconf 87' lang='lat' dir='ltr'>orum</span> <span class='ocrx_word' id='word_1_152' title='bbox 244 2589 357 2670; x_wconf 84' lang='lat' dir='ltr'>ejectus</span> <span class='ocrx_word' id='word_1_153' title='bbox 375 2588 440 2651; x_wconf 88' lang='lat' dir='ltr'>ioro</span> <span class='ocrx_word' id='word_1_154' title='bbox 459 2597 548 2662; x_wconf 84' lang='lat' dir='ltr'>ceset,</span> <span class='ocrx_word' id='word_1_155' title='bbox 567 2589 693 2651; x_wconf 86' lang='lat' dir='ltr'>extremi</span> <span class='ocrx_word' id='word_1_156' title='bbox 708 2585 937 2670; x_wconf 83' lang='lat' dir='ltr'>difficillimique</span> <span class='ocrx_word' id='word_1_157' title='bbox 955 2587 1098 2668; x_wconf 88' lang='lat' dir='ltr'>temporis</span> 
     </span>
     <span class='ocr_line' id='line_1_22' title="bbox 138 2684 1096 2769; baseline -0.002 -22"><span class='ocrx_word' id='word_1_158' title='bbox 138 2700 245 2747; x_wconf 81' lang='lat' dir='ltr'>vocem</span> <span class='ocrx_word' id='word_1_159' title='bbox 257 2686 387 2761; x_wconf 90' lang='lat' dir='ltr'>miserat,</span> <span class='ocrx_word' id='word_1_160' title='bbox 401 2695 411 2725; x_wconf 86' lang='lat'>‘</span> <span class='ocrx_word' id='word_1_161' title='bbox 426 2696 460 2749; x_wconf 92' lang='lat' dir='ltr'>ut</span> <span class='ocrx_word' id='word_1_162' title='bbox 473 2688 525 2769; x_wconf 92' lang='lat' dir='ltr'>qui</span> <span class='ocrx_word' id='word_1_163' title='bbox 541 2685 755 2769; x_wconf 84' lang='lat' dir='ltr'>rempublicam</span> <span class='ocrx_word' id='word_1_164' title='bbox 767 2686 882 2747; x_wconf 86' lang='lat' dir='ltr'>salvam</span> <span class='ocrx_word' id='word_1_165' title='bbox 895 2705 960 2746; x_wconf 84' lang='lat' dir='ltr'>esse</span> <span class='ocrx_word' id='word_1_166' title='bbox 971 2684 1096 2758; x_wconf 83' lang='lat' dir='ltr'>vellent,</span> 
     </span>
     <span class='ocr_line' id='line_1_23' title="bbox 138 2782 1096 2893; baseline -0.002 -48"><span class='ocrx_word' id='word_1_167' title='bbox 138 2782 180 2845; x_wconf 84' lang='lat' dir='ltr'>ad</span> <span class='ocrx_word' id='word_1_168' title='bbox 201 2783 297 2865; x_wconf 75' lang='lat' dir='ltr'>legem</span> <span class='ocrx_word' id='word_1_169' title='bbox 317 2784 523 2866; x_wconf 86' lang='lat' dir='ltr'>accipiendam</span> <span class='ocrx_word' id='word_1_170' title='bbox 543 2783 698 2847; x_wconf 67' lang='lat' dir='ltr'>adessem?</span> <span class='ocrx_word' id='word_1_171' title='bbox 739 2782 859 2845; x_wconf 87' lang='lat' dir='ltr'>Deinde</span> <span class='ocrx_word' id='word_1_172' title='bbox 869 2783 985 2893; x_wconf 31' lang='lat' dir='ltr'>&#39;majori</span> <span class='ocrx_word' id='word_1_173' title='bbox 1004 2800 1096 2844; x_wconf 88' lang='lat' dir='ltr'>mauu</span> 
     </span>
     <span class='ocr_line' id='line_1_24' title="bbox 136 2879 1094 2966; baseline 0.003 -25"><span class='ocrx_word' id='word_1_174' title='bbox 136 2880 275 2961; x_wconf 90' lang='lat' dir='ltr'>stipatus,</span> <span class='ocrx_word' id='word_1_175' title='bbox 288 2880 364 2961; x_wconf 74' lang='lat' dir='ltr'>legis</span> <span class='ocrx_word' id='word_1_176' title='bbox 382 2880 566 2966; x_wconf 73' lang='lat' dir='ltr'>perferendae</span> <span class='ocrx_word' id='word_1_177' title='bbox 584 2900 676 2943; x_wconf 87' lang='lat' dir='ltr'>causa</span> <span class='ocrx_word' id='word_1_178' title='bbox 688 2899 857 2963; x_wconf 80' lang='lat' dir='ltr'>progressae</span> <span class='ocrx_word' id='word_1_179' title='bbox 867 2879 899 2940; x_wconf 88' lang='lat' dir='ltr'>in</span> <span class='ocrx_word' id='word_1_180' title='bbox 909 2881 1094 2957; x_wconf 87' lang='lat' dir='ltr'>concionem,</span> 
     </span>
     <span class='ocr_line' id='line_1_25' title="bbox 136 2972 1167 3060; baseline 0.002 -23"><span class='ocrx_word' id='word_1_181' title='bbox 136 2978 290 3057; x_wconf 73' lang='lat' dir='ltr'>negotium</span> <span class='ocrx_word' id='word_1_182' title='bbox 302 2976 438 3059; x_wconf 79' lang='lat' dir='ltr'>perfecit.</span> <span class='ocrx_word' id='word_1_183' title='bbox 479 2978 592 3060; x_wconf 87' lang='lat' dir='ltr'>Neque</span> <span class='ocrx_word' id='word_1_184' title='bbox 604 2986 710 3060; x_wconf 86' lang='lat' dir='ltr'>sponte</span> <span class='ocrx_word' id='word_1_185' title='bbox 721 2972 819 3057; x_wconf 76' lang='lat' dir='ltr'>legem</span> <span class='ocrx_word' id='word_1_186' title='bbox 830 2996 897 3037; x_wconf 84' lang='lat' dir='ltr'>earn</span> <span class='ocrx_word' id='word_1_187' title='bbox 908 2977 1010 3040; x_wconf 84' lang='lat' dir='ltr'>tulisse</span> <span class='ocrx_word' id='word_1_188' title='bbox 1022 3000 1094 3044; x_wconf 87' lang='lat' dir='ltr'>con·</span> <span class='ocrx_word' id='word_1_189' title='bbox 1106 2984 1167 3041; x_wconf 81' lang='lat' dir='ltr'>Dio</span> 
     </span>
     <span class='ocr_line' id='line_1_26' title="bbox 135 3057 1094 3158; baseline 0.006 -25"><span class='ocrx_word' id='word_1_190' title='bbox 135 3073 183 3134; x_wconf 83' lang='lat' dir='ltr'>sul</span> <span class='ocrx_word' id='word_1_191' title='bbox 196 3076 290 3154; x_wconf 80' lang='lat' dir='ltr'>juxta</span> <span class='ocrx_word' id='word_1_192' title='bbox 306 3074 451 3156; x_wconf 87' lang='lat' dir='ltr'>quosdam</span> <span class='ocrx_word' id='word_1_193' title='bbox 468 3084 604 3136; x_wconf 86' lang='lat' dir='ltr'>auctores</span> <span class='ocrx_word' id='word_1_194' title='bbox 623 3082 754 3158; x_wconf 87' lang='lat' dir='ltr'>putatur,</span> <span class='ocrx_word' id='word_1_195' title='bbox 768 3074 832 3155; x_wconf 89' lang='lat' dir='ltr'>ipse</span> <span class='ocrx_word' id='word_1_196' title='bbox 847 3057 969 3135; x_wconf 84' lang='lat' dir='ltr'>crimine</span> <span class='ocrx_word' id='word_1_197' title='bbox 987 3075 1094 3139; x_wconf 89' lang='lat' dir='ltr'>eodem</span> 
     </span>
     <span class='ocr_line' id='line_1_27' title="bbox 136 3172 1151 3257; baseline 0.004 -26"><span class='ocrx_word' id='word_1_198' title='bbox 136 3188 259 3244; x_wconf 82' lang='lat' dir='ltr'>nocane,</span> <span class='ocrx_word' id='word_1_199' title='bbox 271 3180 303 3232; x_wconf 90' lang='lat' dir='ltr'>et</span> <span class='ocrx_word' id='word_1_200' title='bbox 321 3172 373 3234; x_wconf 85' lang='lat' dir='ltr'>vix</span> <span class='ocrx_word' id='word_1_201' title='bbox 393 3172 490 3252; x_wconf 77' lang='lat' dir='ltr'>gratia</span> <span class='ocrx_word' id='word_1_202' title='bbox 509 3192 671 3255; x_wconf 86' lang='lat' dir='ltr'>paucorum</span> <span class='ocrx_word' id='word_1_203' title='bbox 689 3192 727 3233; x_wconf 88' lang='lat' dir='ltr'>ne</span> <span class='ocrx_word' id='word_1_204' title='bbox 744 3190 865 3233; x_wconf 83' lang='lat' dir='ltr'>caueam</span> <span class='ocrx_word' id='word_1_205' title='bbox 881 3172 1093 3257; x_wconf 90' lang='lat' dir='ltr'>dicereterep-</span> <span class='ocrx_word' id='word_1_206' title='bbox 1142 3176 1151 3195; x_wconf 83' lang='lat'><em>⁴</em></span> 
     </span>
     <span class='ocr_line' id='line_1_28' title="bbox 135 3268 1127 3353; baseline 0.006 -24"><span class='ocrx_word' id='word_1_207' title='bbox 135 3276 202 3329; x_wconf 89' lang='lat' dir='ltr'>tus:</span> <span class='ocrx_word' id='word_1_208' title='bbox 223 3268 276 3330; x_wconf 89' lang='lat' dir='ltr'>sed</span> <span class='ocrx_word' id='word_1_209' title='bbox 290 3270 444 3331; x_wconf 87' lang='lat' dir='ltr'>acerbiora</span> <span class='ocrx_word' id='word_1_210' title='bbox 457 3270 563 3331; x_wconf 89' lang='lat' dir='ltr'>timeus</span> <span class='ocrx_word' id='word_1_211' title='bbox 576 3278 899 3353; x_wconf 76' lang='lat' dir='ltr'>senamsproeceperat.</span> <span class='ocrx_word' id='word_1_212' title='bbox 935 3270 983 3331; x_wconf 88' lang='lat' dir='ltr'>Ut</span> <span class='ocrx_word' id='word_1_213' title='bbox 990 3278 1091 3332; x_wconf 86' lang='lat' dir='ltr'>tamen</span> <span class='ocrx_word' id='word_1_214' title='bbox 1123 3330 1127 3336; x_wconf 81' lang='grc'>,</span> 
     </span>
     <span class='ocr_line' id='line_1_29' title="bbox 134 3363 1092 3447; baseline 0.005 -23"><span class='ocrx_word' id='word_1_215' title='bbox 134 3384 173 3425; x_wconf 87' lang='lat' dir='ltr'>ea</span> <span class='ocrx_word' id='word_1_216' title='bbox 189 3364 228 3425; x_wconf 89' lang='lat' dir='ltr'>de</span> <span class='ocrx_word' id='word_1_217' title='bbox 240 3363 370 3427; x_wconf 84' lang='lat' dir='ltr'>consulis</span> <span class='ocrx_word' id='word_1_218' title='bbox 382 3365 504 3427; x_wconf 77' lang='lat' dir='ltr'>miamia</span> <span class='ocrx_word' id='word_1_219' title='bbox 515 3366 612 3427; x_wconf 84' lang='lat' dir='ltr'>minus</span> <span class='ocrx_word' id='word_1_220' title='bbox 623 3366 755 3439; x_wconf 84' lang='lat' dir='ltr'>credam,</span> <span class='ocrx_word' id='word_1_221' title='bbox 768 3374 869 3428; x_wconf 86' lang='lat' dir='ltr'>cetera</span> <span class='ocrx_word' id='word_1_222' title='bbox 879 3368 946 3447; x_wconf 86' lang='lat' dir='ltr'>ejus</span> <span class='ocrx_word' id='word_1_223' title='bbox 960 3370 1092 3447; x_wconf 78' lang='lat' dir='ltr'>gravitas</span> 
     </span>
     <span class='ocr_line' id='line_1_30' title="bbox 133 3463 1089 3545; baseline 0.006 -24"><span class='ocrx_word' id='word_1_224' title='bbox 133 3470 166 3521; x_wconf 87' lang='lat' dir='ltr'>et</span> <span class='ocrx_word' id='word_1_225' title='bbox 182 3464 350 3525; x_wconf 61' lang='lat' dir='ltr'>consentia</span> <span class='ocrx_word' id='word_1_226' title='bbox 365 3463 451 3536; x_wconf 84' lang='lat' dir='ltr'>facit,</span> <span class='ocrx_word' id='word_1_227' title='bbox 464 3472 595 3545; x_wconf 81' lang='lat' dir='ltr'>tempore</span> <span class='ocrx_word' id='word_1_228' title='bbox 612 3464 798 3525; x_wconf 87' lang='lat' dir='ltr'>comitiorum</span> <span class='ocrx_word' id='word_1_229' title='bbox 815 3464 1000 3525; x_wconf 88' lang='lat' dir='ltr'>memorabili</span> <span class='ocrx_word' id='word_1_230' title='bbox 1014 3486 1089 3527; x_wconf 83' lang='lat' dir='ltr'>voce</span> 
     </span>
     <span class='ocr_line' id='line_1_31' title="bbox 131 3557 404 3641; baseline 0.007 -22"><span class='ocrx_word' id='word_1_231' title='bbox 131 3557 273 3641; x_wconf 77' lang='lat' dir='ltr'>tactoque</span> <span class='ocrx_word' id='word_1_232' title='bbox 285 3568 404 3622; x_wconf 66' lang='lat' dir='ltr'>testam</span> 
     </span>
     <span class='ocr_line' id='line_1_32' title="bbox 173 3654 1252 3730; baseline 0 -13"><span class='ocrx_word' id='word_1_233' title='bbox 173 3662 226 3717; x_wconf 87' lang='lat'>40.</span> <span class='ocrx_word' id='word_1_234' title='bbox 247 3656 295 3717; x_wconf 88' lang='grc' dir='ltr'>Μ.</span> <span class='ocrx_word' id='word_1_235' title='bbox 309 3656 487 3729; x_wconf 85' lang='lat' dir='ltr'>Palicanus,</span> <span class='ocrx_word' id='word_1_236' title='bbox 501 3656 590 3717; x_wconf 85' lang='lat' dir='ltr'>homo</span> <span class='ocrx_word' id='word_1_237' title='bbox 602 3654 738 3717; x_wconf 78' lang='lat' dir='ltr'>sordidus</span> <span class='ocrx_word' id='word_1_238' title='bbox 752 3664 784 3716; x_wconf 90' lang='lat' dir='ltr'>et</span> <span class='ocrx_word' id='word_1_239' title='bbox 800 3654 968 3730; x_wconf 88' lang='lat' dir='ltr'>seditiosus,</span> <span class='ocrx_word' id='word_1_240' title='bbox 981 3676 1087 3717; x_wconf 91' lang='lat' dir='ltr'>consu·</span> <span class='ocrx_word' id='word_1_241' title='bbox 1114 3672 1171 3726; x_wconf 69' lang='lat' dir='ltr'>vn,</span> <span class='ocrx_word' id='word_1_242' title='bbox 1182 3676 1252 3729; x_wconf 64' lang='lat' dir='ltr'>uu,</span> 
     </span>
     <span class='ocr_line' id='line_1_33' title="bbox 131 3744 1276 3835; baseline 0.003 -23"><span class='ocrx_word' id='word_1_243' title='bbox 131 3751 228 3817; x_wconf 85' lang='lat' dir='ltr'>latum</span> <span class='ocrx_word' id='word_1_244' title='bbox 247 3762 348 3835; x_wconf 87' lang='lat' dir='ltr'>petere</span> <span class='ocrx_word' id='word_1_245' title='bbox 364 3774 463 3828; x_wconf 87' lang='lat' dir='ltr'>ausus,</span> <span class='ocrx_word' id='word_1_246' title='bbox 477 3754 552 3814; x_wconf 89' lang='lat' dir='ltr'>miro</span> <span class='ocrx_word' id='word_1_247' title='bbox 563 3752 682 3814; x_wconf 74' lang='lat' dir='ltr'>stolide</span> <span class='ocrx_word' id='word_1_248' title='bbox 693 3753 860 3834; x_wconf 81' lang='lat' dir='ltr'>plebecnlae</span> <span class='ocrx_word' id='word_1_249' title='bbox 872 3754 975 3815; x_wconf 83' lang='lat' dir='ltr'>favore</span> <span class='ocrx_word' id='word_1_250' title='bbox 986 3744 1174 3815; x_wconf 59' lang='lat' dir='ltr'>suble-¹¹¹²&amp;</span> <span class='ocrx_word' id='word_1_251' title='bbox 1270 3765 1276 3785; x_wconf 82' lang='lat'><strong>⁴</strong></span> 
     </span>
     <span class='ocr_line' id='line_1_34' title="bbox 130 3848 1085 3931; baseline 0.001 -20"><span class='ocrx_word' id='word_1_252' title='bbox 130 3849 269 3911; x_wconf 78' lang='lat' dir='ltr'>vehatur.</span> <span class='ocrx_word' id='word_1_253' title='bbox 310 3848 372 3911; x_wconf 83' lang='lat' dir='ltr'>Sed</span> <span class='ocrx_word' id='word_1_254' title='bbox 389 3859 422 3912; x_wconf 90' lang='lat' dir='ltr'>et</span> <span class='ocrx_word' id='word_1_255' title='bbox 432 3850 544 3911; x_wconf 89' lang='lat' dir='ltr'>tribuni</span> <span class='ocrx_word' id='word_1_256' title='bbox 557 3850 654 3931; x_wconf 90' lang='lat' dir='ltr'>plebis</span> <span class='ocrx_word' id='word_1_257' title='bbox 665 3850 694 3909; x_wconf 92' lang='lat' dir='ltr'>ei</span> <span class='ocrx_word' id='word_1_258' title='bbox 707 3848 843 3922; x_wconf 87' lang='lat' dir='ltr'>aderaut,</span> <span class='ocrx_word' id='word_1_259' title='bbox 856 3849 896 3909; x_wconf 85' lang='lat' dir='ltr'>ab</span> <span class='ocrx_word' id='word_1_260' title='bbox 907 3849 967 3911; x_wconf 89' lang='lat' dir='ltr'>boc</span> <span class='ocrx_word' id='word_1_261' title='bbox 982 3870 1085 3911; x_wconf 86' lang='lat' dir='ltr'>exem·</span> 
     </span>
     <span class='ocr_line' id='line_1_35' title="bbox 130 3944 1085 4029; baseline 0 -23"><span class='ocrx_word' id='word_1_262' title='bbox 130 3945 183 4029; x_wconf 93' lang='lat' dir='ltr'>plo</span> <span class='ocrx_word' id='word_1_263' title='bbox 201 3968 263 4008; x_wconf 84' lang='lat' dir='ltr'>sure</span> <span class='ocrx_word' id='word_1_264' title='bbox 280 3948 434 4009; x_wconf 88' lang='lat' dir='ltr'>ambitioni</span> <span class='ocrx_word' id='word_1_265' title='bbox 447 3947 579 4028; x_wconf 88' lang='lat' dir='ltr'>paraturi</span> <span class='ocrx_word' id='word_1_266' title='bbox 591 3945 755 4007; x_wconf 85' lang='lat' dir='ltr'>faciliorem</span> <span class='ocrx_word' id='word_1_267' title='bbox 767 3947 860 4008; x_wconf 81' lang='lat' dir='ltr'>viam</span> <span class='ocrx_word' id='word_1_268' title='bbox 899 3944 963 4007; x_wconf 89' lang='lat' dir='ltr'>His</span> <span class='ocrx_word' id='word_1_269' title='bbox 974 3956 1085 4028; x_wconf 88' lang='lat' dir='ltr'>patres,</span> 
     </span>
     <span class='ocr_line' id='line_1_36' title="bbox 129 4040 1084 4123; baseline 0.003 -21"><span class='ocrx_word' id='word_1_270' title='bbox 129 4050 162 4103; x_wconf 88' lang='lat' dir='ltr'>et</span> <span class='ocrx_word' id='word_1_271' title='bbox 182 4052 252 4105; x_wconf 87' lang='lat' dir='ltr'>ante</span> <span class='ocrx_word' id='word_1_272' title='bbox 272 4052 385 4105; x_wconf 85' lang='lat' dir='ltr'>ceteros</span> <span class='ocrx_word' id='word_1_273' title='bbox 404 4043 507 4105; x_wconf 86' lang='lat' dir='ltr'>consul</span> <span class='ocrx_word' id='word_1_274' title='bbox 528 4043 614 4115; x_wconf 89' lang='lat' dir='ltr'>Piso,</span> <span class='ocrx_word' id='word_1_275' title='bbox 631 4044 814 4105; x_wconf 79' lang='lat' dir='ltr'>resistebant.</span> <span class='ocrx_word' id='word_1_276' title='bbox 856 4040 956 4123; x_wconf 75' lang='lat' dir='ltr'>Igitur</span> <span class='ocrx_word' id='word_1_277' title='bbox 973 4045 1084 4105; x_wconf 85' lang='lat' dir='ltr'>tribuni</span> 
     </span>
     <span class='ocr_line' id='line_1_37' title="bbox 128 4139 1082 4220; baseline 0.003 -21"><span class='ocrx_word' id='word_1_278' title='bbox 128 4140 221 4201; x_wconf 88' lang='lat' dir='ltr'>modo</span> <span class='ocrx_word' id='word_1_279' title='bbox 237 4160 296 4203; x_wconf 91' lang='grc' dir='ltr'><strong>ιιοιι</strong></span> <span class='ocrx_word' id='word_1_280' title='bbox 313 4142 451 4203; x_wconf 86' lang='lat' dir='ltr'>manibus</span> <span class='ocrx_word' id='word_1_281' title='bbox 469 4140 531 4201; x_wconf 87' lang='lat' dir='ltr'>suis</span> <span class='ocrx_word' id='word_1_282' title='bbox 549 4139 699 4201; x_wconf 89' lang='lat' dir='ltr'>sublatum</span> <span class='ocrx_word' id='word_1_283' title='bbox 718 4158 773 4220; x_wconf 92' lang='lat' dir='ltr'>pro</span> <span class='ocrx_word' id='word_1_284' title='bbox 787 4140 888 4200; x_wconf 89' lang='lat' dir='ltr'>rostris</span> <span class='ocrx_word' id='word_1_285' title='bbox 898 4148 1082 4211; x_wconf 83' lang='lat' dir='ltr'>statuerunt;</span> 
     </span>
     <span class='ocr_line' id='line_1_38' title="bbox 127 4235 1082 4319; baseline 0.003 -24"><span class='ocrx_word' id='word_1_286' title='bbox 127 4244 159 4295; x_wconf 91' lang='lat' dir='ltr'>et</span> <span class='ocrx_word' id='word_1_287' title='bbox 172 4236 322 4319; x_wconf 91' lang='lat' dir='ltr'>utrimque</span> <span class='ocrx_word' id='word_1_288' title='bbox 334 4236 502 4299; x_wconf 88' lang='lat' dir='ltr'>circumiuei</span> <span class='ocrx_word' id='word_1_289' title='bbox 514 4236 741 4315; x_wconf 76' lang='lat' dir='ltr'>interrogarunt,</span> <span class='ocrx_word' id='word_1_290' title='bbox 754 4243 764 4273; x_wconf 88' lang='lat'>‘</span> <span class='ocrx_word' id='word_1_291' title='bbox 775 4244 890 4297; x_wconf 75' lang='lat' dir='ltr'>esscme</span> <span class='ocrx_word' id='word_1_292' title='bbox 902 4235 1082 4299; x_wconf 83' lang='lat' dir='ltr'>Palicanum</span> 
     </span>
     <span class='ocr_line' id='line_1_39' title="bbox 127 4332 1081 4415; baseline 0.002 -23"><span class='ocrx_word' id='word_1_293' title='bbox 127 4334 347 4395; x_wconf 76' lang='lat' dir='ltr'>renuntiaturus</span> <span class='ocrx_word' id='word_1_294' title='bbox 358 4334 521 4406; x_wconf 86' lang='lat' dir='ltr'>consulem,</span> <span class='ocrx_word' id='word_1_295' title='bbox 534 4332 559 4393; x_wconf 88' lang='lat' dir='ltr'>ei</span> <span class='ocrx_word' id='word_1_296' title='bbox 572 4332 691 4413; x_wconf 90' lang='lat' dir='ltr'>quidem</span> <span class='ocrx_word' id='word_1_297' title='bbox 704 4332 801 4393; x_wconf 85' lang='lat' dir='ltr'>iactus</span> <span class='ocrx_word' id='word_1_298' title='bbox 813 4352 834 4393; x_wconf 83' lang='lat' dir='ltr'>a</span> <span class='ocrx_word' id='word_1_299' title='bbox 851 4332 962 4415; x_wconf 89' lang='lat' dir='ltr'>populo</span> <span class='ocrx_word' id='word_1_300' title='bbox 974 4332 1081 4394; x_wconf 79' lang='lat' dir='ltr'>foretl&#39;</span> 
     </span>
     <span class='ocr_line' id='line_1_40' title="bbox 127 4428 1079 4512; baseline 0.002 -23"><span class='ocrx_word' id='word_1_301' title='bbox 127 4428 190 4491; x_wconf 88' lang='lat' dir='ltr'>Ille</span> <span class='ocrx_word' id='word_1_302' title='bbox 203 4438 212 4469; x_wconf 80' lang='lat'><em>⁶</em></span> <span class='ocrx_word' id='word_1_303' title='bbox 227 4450 284 4492; x_wconf 91' lang='lat' dir='ltr'>non</span> <span class='ocrx_word' id='word_1_304' title='bbox 304 4431 474 4493; x_wconf 85' lang='lat' dir='ltr'>existimare</span> <span class='ocrx_word' id='word_1_305' title='bbox 494 4430 639 4491; x_wconf 87' lang='lat' dir='ltr'>lirturum&#39;</span> <span class='ocrx_word' id='word_1_306' title='bbox 655 4429 817 4512; x_wconf 88' lang='lat' dir='ltr'>respondit,</span> <span class='ocrx_word' id='word_1_307' title='bbox 831 4440 841 4469; x_wconf 85' lang='lat'>‘</span> <span class='ocrx_word' id='word_1_308' title='bbox 855 4440 938 4493; x_wconf 89' lang='lat' dir='ltr'>uteo</span> <span class='ocrx_word' id='word_1_309' title='bbox 951 4430 1079 4512; x_wconf 79' lang='lat' dir='ltr'>indigui-</span> 
     </span>
    </p>
   </div>
   <div class='ocr_carea' id='block_1_6' title="bbox 0 0 1654 5225">
    <p class='ocr_par' dir='ltr' id='par_1_7' title="bbox 0 0 1654 5225">
     <span class='ocr_line' id='line_1_41' title="bbox 0 0 1654 5225; baseline 0 10"><span class='ocrx_word' id='word_1_310' title='bbox 0 0 1654 5225; x_wconf 95' lang='lat' dir='ltr'> </span> 
     </span>
    </p>
   </div>
  </div>
 </body>
</html>
