3300 5225
416 551 520 602 arear
545 551 659 603 xom.
681 552 1005 604 surroarrnsruu.
1177 537 1267 607 etta

189 703 223 762 ’1.
245 697 403 769 Sertorios,
416 697 591 760 introductis
602 698 632 758 in
645 705 779 758 senatum
790 717 876 760 suum
889 697 1005 779 legatis,
1017 719 1100 779 mag·
1114 709 1222 779 Appiae
1301 745 1305 752 .

148 794 241 864 nifroe
254 794 292 856 de
304 797 393 858 rebus
404 797 463 856 suis
475 795 601 868 loeutus,
624 794 705 876 quod
718 798 785 885 jam
796 798 837 856 nb
848 797 960 858 oriente
971 798 1060 858 simul
1072 807 1104 858 et

149 893 191 953 ab
203 891 357 954 occidente
369 891 513 954 facessere
526 893 676 972 negotium
689 892 865 956 adversariis
879 905 990 977 posset,
1009 916 1103 977 expo·

149 1007 221 1050 uere
232 987 373 1050 mandata
384 991 485 1070 jussit.
528 989 580 1049 Illi
598 990 677 1051 bane
692 992 722 1050 in
740 991 915 1059 senteutiam¹
931 1000 1103 1074 ooepernnt:

149 1095 160 1127 ‘
172 1085 248 1147 Rex
259 1086 452 1148 Mithridates
464 1087 574 1148 multas
584 1107 745 1168 pavaque
756 1088 879 1168 injurias
886 1089 960 1151 olim
967 1098 1000 1150 et
1011 1110 1105 1171 nuper

149 1202 305 1266 perpemus
320 1205 341 1245 a
359 1183 508 1246 Romnuis
524 1185 622 1266 quiin
636 1183 722 1245 Urbe
742 1193 822 1257 suot,
842 1186 948 1246 iterum
965 1185 1005 1246 ad
1022 1206 1106 1248 mma

148 1283 278 1360 ongitnr.
319 1280 399 1349 Quae
413 1280 498 1343 illum
510 1301 610 1344 eausa
623 1289 773 1355 moveant,
786 1302 846 1344 non
858 1283 948 1346 modo
961 1285 1105 1366 preclare
1168 1318 1178 1328 =

148 1379 244 1450 scitis,
254 1398 309 1439 neo
318 1379 399 1438 enim
408 1377 490 1442 leves
499 1387 552 1440 ant
559 1379 692 1464 obscurae
699 1379 887 1452 sunt,sednb
894 1379 1000 1442 iisdem
1009 1382 1106 1444 bomi-

151 1476 242 1536 nibus
253 1473 362 1536 similia
381 1484 434 1536 aut
449 1477 596 1538 atrociora
608 1469 697 1558 pa'oei,
711 1496 802 1557 quam
814 1475 889 1538 nihil
902 1479 941 1538 ab
954 1478 1003 1538 bis
1014 1479 1105 1558 requi,

149 1572 228 1634 nibil
246 1571 353 1634 saltem
374 1573 531 1636 tolerabile
552 1575 643 1657 possit
663 1573 827 1655 impetrari,
853 1582 1036 1656 compertum
1051 1575 1106 1636 ba-

148 1670 240 1732 bet'u.

192 1774 225 1828 8.
248 1764 351 1829 ‘Sane
376 1788 445 1829 eum
466 1775 571 1830 senatu
592 1766 760 1850 populoque
778 1765 920 1830 Rarum
939 1767 1035 1833 foedus
1054 1769 1108 1830 icit

152 1861 364 1926 Mithridates:
385 1865 439 1926 sed
451 1865 600 1926 multoties
613 1864 644 1925 id
657 1873 773 1946 ruptum
787 1886 808 1926 a
820 1864 953 1947 Syllanis
963 1874 1019 1938 est,
1030 1873 1065 1926 ut
1076 1875 1108 1926 et

151 1961 211 2044 ipsi
224 1961 373 2025 discedere
388 1963 458 2024 inde
476 1963 553 2025 eitra
572 1963 694 2045 perjurii
712 1971 812 2024 notam
823 1963 923 2025 liceat.
964 1962 1108 2026 Ceterum

150 2059 327 2120 inviolabile
346 2061 425 2122 sieut
438 2059 591 2132 haetenus,
614 2061 658 2121 ito
678 2080 766 2142 porro
781 2081 913 2142 quoqne,
926 2070 958 2121 et
973 2069 1108 2121 sanetm

150 2175 271 2218 servare
287 2159 371 2240 eupit
381 2179 390 2229 3
417 2156 470 2218 sed
489 2157 655 2230 nobiseum,
674 2157 718 2226 Q.
735 2155 859 2230 Sertori,
879 2178 992 2238 rosque
1011 2166 1110 2239 patres

150 2254 325 2335 conscripti,
344 2273 433 2336 quem
451 2253 502 2314 ille
520 2255 662 2315 veriorem
681 2253 906 2336 dignioremque
918 2255 1043 2335 antiqua
1054 2274 1110 2334 po-

151 2348 219 2430 puli
236 2347 367 2411 Romani
386 2349 468 2412 lama
479 2359 615 2412 senatum
620 2350 752 2430 judicat,
765 2370 858 2431 quam
869 2352 922 2432 qui
933 2350 1013 2414 Urbi
1025 2351 1110 2411 ineu-

153 2447 221 2518 bat,
234 2467 293 2508 oon
305 2455 493 2509 externorum
511 2447 600 2509 modo
616 2467 717 2527 regum
736 2448 961 2528 nationumque,
978 2447 1033 2508 sed
1048 2467 1110 2508 sua

152 2563 275 2625 qnoque
285 2546 390 2627 patriae
402 2553 545 2627 tyrannus
554 2552 586 2606 et
598 2543 698 2606 hostis.

195 2648 227 2702 9.
249 2641 331 2703 ‘Sed
353 2662 412 2703 non
435 2661 543 2721 magno
568 2644 689 2721 negotio
708 2660 863 2727 commune
885 2640 1050 2721 peucolum
1070 2642 1111 2702 ab

153 2746 346 2820 utrorumque
368 2739 534 2800 cervicibus
557 2737 670 2819 depelli
687 2746 795 2819 potest,
813 2739 840 2797 si
860 2738 929 2797 hinc
950 2736 1111 2811 Sertorius,

153 2836 226 2897 inde
241 2834 433 2895 Mithridates
445 2836 516 2896 totis
533 2834 646 2896 viribus
659 2835 818 2913 insurgant.
863 2833 935 2895 Rex
949 2844 1059 2905 noster,
1071 2854 1111 2895 ex

153 2952 219 3016 quo
237 2941 342 2993 oontm
359 2952 465 3013 paoem
483 2929 640 3012 Syllanam
655 2940 735 2991 esta
755 2930 790 2991 L.
808 2929 939 2993 Murena
950 2931 1112 3012 appetitum,
1187 3006 1191 3011 ι

152 3031 290 3111 superior
301 3030 390 3089 armis
401 3028 468 3088 fuit.
511 3026 627 3089 Eadem
646 3027 761 3088 audivit
776 3026 814 3089 de
832 3028 880 3089 bis
895 3024 1043 3087 Romanis
1059 3021 1113 3106 qui

155 3127 513 3211 Hispaniasobtineant:
534 3126 689 3207 multaque
702 3125 740 3185 iis
751 3124 825 3185 loeis
838 3124 920 3185 ieme
933 3132 966 3184 tu
980 3123 1023 3191 Q.
1042 3123 1111 3183 Ser-

152 3228 228 3299 tori,
238 3245 350 3307 vosque
364 3224 471 3306 reliqui
484 3224 577 3285 duces
589 3224 667 3285 estis.
709 3222 807 3302 Igitur
819 3222 995 3283 mittendam
1008 3219 1048 3281 ad
1058 3240 1112 3282 vos
1123 3239 1189 3293 Plus.
1199 3243 1263 3293 sm.

155 3324 336 3405 legationem
358 3324 483 3395 censuit,
504 3322 610 3404 utqui
630 3320 775 3383 similibus
793 3321 891 3381 causis
914 3320 1111 3393 oooeiteotnr,

153 3422 306 3503 similique
319 3421 427 3483 virtute
446 3429 478 3481 et
494 3419 613 3481 fortuna
630 3428 731 3499 agent,
744 3406 893 3481 eommuoi
906 3416 1015 3479 t‘oedere
1026 3438 1111 3479 eom-

155 3538 277 3581 mnnem
286 3516 414 3580 salutem
426 3525 573 3578 areentur.
603 3515 747 3597 Utrisque
760 3516 1112 3597 pronioraeruntomnia,

153 3620 180 3679 si
188 3618 293 3697 juncti
304 3616 436 3677 consiliis
448 3615 606 3697 armisque,
618 3615 754 3686 invioem,
769 3613 821 3674 ubi
831 3613 944 3674 utilitas
952 3611 1112 3685 desideret,

149 3716 297 3795 juvamus
308 3722 339 3774 et
345 3714 498 3793 juvemur,
507 3732 597 3794 quem
606 3711 631 3773 si
639 3710 748 3773 diversi
760 3708 908 3791 divisique
919 3728 975 3771 sua
986 3710 1112 3791 quisque

156 3812 279 3892 negotia
290 3812 410 3872 seorsim
422 3810 548 3871 cuoent’

197 3916 250 3971 1⁰.
273 3906 442 3989 Postquam
454 3928 472 3969 e
485 3906 569 3969 ouria
579 3904 690 3967 dimissi
702 3904 793 3985 legati
804 3912 884 3975 suut,
896 3905 973 3965 inter
985 3922 1112 3985 prasen-

156 4018 202 4069 tes
214 4006 270 4068 diu
282 4006 321 4067 de
333 4008 424 4069 tantis
433 4006 522 4067 rebus
534 4002 731 4065 consultatum
740 4011 795 4063 est.
837 4002 982 4082 Plerique
992 3982 1112 4063 mibime

157 4102 356 4165 dubitandum
372 4103 544 4171 eensebant,
562 4098 634 4181 quin
645 4097 765 4171 oblate,
778 4096 968 4178 quibusoam
981 4098 1112 4157 maxime

156 4210 237 4263 esset
249 4220 335 4281 opus,
348 4200 571 4280 acciperenturt
592 4196 666 4256 nibil
680 4203 809 4257 eoontm
821 4195 877 4255 uisi
889 4194 969 4275 quod
982 4194 1112 4255 alienum

157 4309 238 4360 esset
265 4296 411 4358 tradituri.
462 4295 586 4378 Quippe
611 4295 702 4376 legati
724 4296 845 4358 navium
869 4303 901 4354 et
922 4292 1111 4375 pecuniarum

159 4414 300 4475 magnam
317 4394 378 4454 vim
397 4392 536 4476 polliciti,
550 4392 658 4455 Asiam
677 4401 709 4453 et
726 4392 823 4455 vicine
836 4411 926 4471 regna
941 4386 1112 4451 Mithridati

157 4490 286 4553 concedi
297 4490 527 4573 postulaverant.
