3300 5225
883 579 1043 642 u2n1vrr
1107 554 1113 564 ’

559 752 631 796 caua
656 731 695 794 ad
721 733 907 817 Euphratem
929 732 1062 806 durium,
1089 732 1319 813 Sargarausene,
1344 732 1511 806 Saraucae,

561 830 776 903 Gammaueua,
788 841 820 893 et
833 831 1014 902 Morimene,
1022 832 1418 912 mparioribuaobacuriorea.
1440 831 1514 894 Plu·

559 927 754 1002 viicelehrea,
767 929 871 1012 Halyn
880 928 1095 992 Archelaidem
1106 925 1325 1010 praeterfluena3
1348 927 1450 1002 Saum,
1460 931 1514 1011 qui

559 1025 724 1106 permedia
737 1025 874 1088 &mana
884 1027 996 1088 labitur
1003 1048 1014 1096 ;
1035 1025 1187 1106 Pyramm
1198 1046 1251 1107 per
1264 1025 1442 1086 Cataoniam
1459 1026 1514 1087 de-

558 1141 688 1194 currens,
701 1131 847 1204 praeterea
866 1123 978 1205 Lycur,
990 1131 1022 1184 et
1032 1122 1112 1184 huuc
1124 1124 1277 1205 excipieur
1290 1121 1366 1190 Irim
1386 1131 1420 1183 et
1434 1120 1514 1182 iuter

560 1217 747 1280 Morimeuen
767 1229 800 1282 et
812 1219 980 1293 Galatiam,
992 1221 1134 1281 terminus
1145 1221 1252 1300 gentio,
1271 1218 1410 1300 idemque
1421 1239 1515 1280 carrae

558 1316 697 1388 nominis,
711 1314 893 1399 cappadox.

598 1418 650 1474 26.
671 1413 718 1476 At
731 1412 917 1475 Mithridatia
929 1424 1085 1496 paternum
1098 1432 1231 1491 regnum,
1244 1420 1351 1493 preter
1365 1411 1512 1484 Pontum,

557 1509 731 1571 continebat
754 1509 899 1591 quicquid
918 1509 1051 1590 gentium
1076 1511 1115 1570 ab
1137 1509 1227 1590 Haly
1245 1506 1337 1571 durio
1359 1529 1454 1589 usque
1472 1508 1514 1570 ad

557 1607 721 1672 Tibareuoa
733 1619 767 1670 et
783 1609 961 1672 Armeniam
979 1610 1084 1672 coluit.
1126 1610 1228 1670 Etiam
1244 1611 1323 1670 intra
1336 1609 1445 1692 Halyn
1458 1609 1512 1671 de-

557 1705 704 1768 libaverat
729 1704 948 1788 Cappadocum
972 1715 1004 1767 et
1030 1706 1264 1788 Paphlagonum
1292 1727 1387 1786 agros.
1439 1705 1514 1768 Nec

557 1801 643 1881 longe
658 1802 785 1884 Bithyni
798 1804 933 1864 aberant.
974 1803 1098 1885 Quippe
1114 1803 1167 1863 ubi
1182 1823 1235 1884 per
1247 1803 1466 1884 Propontidem
1479 1805 1513 1864 in

558 1899 711 1960 Euxinum
732 1901 897 1962 intraveris.
939 1901 1020 1970 Qum
1039 1900 1196 1979 regionea⁰
1216 1899 1370 1980 Bithyniae
1386 1909 1513 1980 partem,

556 1995 663 2056 deinde
676 1995 893 2078 Mariandynoa
906 1996 1068 2058 Heracleae
1081 1996 1242 2075 subjectos,
1255 2016 1326 2056 mor
1337 1995 1513 2077 Paphlago-

558 2111 621 2164 naa,
636 2113 729 2173 usque
742 2093 781 2154 ad
793 2090 917 2154 fluvium
930 2092 1040 2173 Halyn
1049 2094 1226 2154 habuerunt.
1257 2092 1368 2154 Cetera
1379 2093 1419 2154 ad
1431 2092 1512 2154 Pro-

557 2187 709 2269 pontidem
722 2209 816 2270 uaque
830 2189 1055 2252 chalcedonem
1067 2189 1189 2250 fuerunt
1202 2189 1413 2272 Bithynorum,
1425 2188 1515 2250 Galli

557 2283 684 2346 fluminis
696 2286 781 2346 ostiis
792 2280 867 2348 fiuaa
877 2307 979 2348 eorum
992 2286 1225 2348 terminantibus.

596 2389 647 2446 27.
670 2381 812 2444 Maxima
832 2383 949 2443 urbium
967 2381 1151 2444 Nicomedia
1167 2382 1244 2443 luit:
1265 2381 1373 2443 deiude
1391 2382 1512 2456 Nicaa,

393 2495 459 2545 Prin.
469 2511 494 2545 v.
503 2499 544 2548 aa.
555 2477 627 2539 item
639 2478 751 2552 Pnua,
763 2499 854 2561 quam
867 2482 908 2540 ab
920 2477 1097 2542 Hannibale
1108 2478 1261 2542 conditam
1273 2480 1312 2541 de
1324 2479 1444 2540 Putria
1456 2500 1513 2540 uo·

392 2593 494 2645 mund.
554 2575 644 2649 miae,
668 2597 751 2657 reges
774 2575 969 2639 Othomauici
990 2585 1060 2639 aute
1079 2587 1257 2658 occupatam
1279 2576 1512 2658 Adriauopolim

554 2674 636 2752 regui
649 2674 750 2735 aedem
763 2674 942 2736 habueruut.
967 2674 1108 2735 Flumina
1121 2673 1275 2755 Bithynia
1289 2673 1420 2754 Syrium,
1430 2672 1512 2755 Lap-

553 2770 624 2843 siaa,
636 2770 845 2842 Pharmaciaa‚
855 2770 963 2843 Alces,
973 2769 1094 2852 Grynia,
1106 2770 1237 2852 hylam,
1249 2770 1389 2851 Scopius,
1398 2788 1511 2831 memo·

550 2876 664 2939 rantur,
677 2877 720 2938 et,
740 2868 793 2949 qui
812 2867 988 2949 Bithyniam
1007 2888 1027 2927 a
1040 2866 1166 2934 Galatia
1178 2867 1414 2939 disterminabat,
1428 2866 1511 2927 Hie-

551 2982 608 3023 ras.
652 2964 729 3025 Erat
740 2974 772 3025 et
784 2962 889 3046 Hylaa
901 2963 1031 3025 fluminis
1039 2974 1070 3026 et
1082 2964 1166 3027 laeua
1178 2984 1297 3037 nomeu,
1310 2964 1351 3025 ab
1363 2963 1512 3025 Herculia

389 3073 541 3128 uoluam.
553 3060 665 3121 amacio
685 3058 858 3133 deductum,
873 3062 898 3121 ai
915 3061 1027 3122 fabalia
1040 3062 1124 3122 lubet
1135 3060 1266 3133 credere,
1275 3064 1369 3141 juxta
1383 3061 1510 3122 Prusia·

405 3454 460 3503 Liv.

389 3534 511 3636 pauiu.
550 3543 740 3623 scriptionem
752 3552 849 3606 taceo.

551 3154 620 3215 dem
633 3157 747 3229 urbem,
760 3157 907 3218 diversam
920 3158 960 3219 ab
972 3166 1098 3237 utraque
1118 3157 1228 3219 Pruaa.
1270 3158 1356 3219 Nam
1369 3158 1511 3219 etaltera

551 3251 611 3312 fuit
624 3252 777 3334 Bithynia
786 3253 899 3327 Pruaa,
913 3254 952 3315 ad
966 3254 1118 3336 Hippiam
1131 3275 1258 3319 amnem.
1294 3256 1349 3318 Ab
1358 3257 1404 3317 hia
1412 3256 1510 3337 regio·

551 3349 650 3423 mbas,
664 3350 893 3432 Cappadociam
910 3360 942 3413 et
959 3352 1135 3432 Bithyniam
1152 3353 1233 3426 dico,
1254 3353 1398 3434 quandam
1410 3364 1512 3436 partia

550 3446 724 3509 abraacruut
735 3447 931 3528 Gallograeci,
949 3449 1109 3531 dequibus
1121 3460 1189 3533 poat
1200 3453 1349 3533 prolixam
1362 3452 1442 3513 Livii
1454 3452 1509 3513 de-

591 3644 642 3703 28.
664 3638 726 3700 Sed
738 3641 982 3723 Paphlagoniam
997 3642 1101 3725 Halya
1120 3642 1227 3706 fluvius
1239 3645 1278 3705 ab
1289 3654 1354 3705 ortu
1367 3647 1508 3707 termina·

550 3737 614 3810 bat,
631 3757 651 3797 a
664 3737 785 3800 meridie
802 3738 946 3800 Galatia:
968 3740 1007 3801 ad
1023 3761 1161 3801 occasum
1179 3741 1306 3824 Bithyni
1325 3752 1357 3803 et
1372 3743 1509 3805 Marian-

548 3832 622 3916 dyni
647 3834 843 3921 habitabant;
872 3856 974 3898 veraua
997 3839 1221 3919 septemtriones
1245 3860 1326 3900 mare
1354 3840 1509 3901 Euxinum

549 3940 623 3992 erat.
665 3931 818 3995 Amastris
830 3934 934 3995 horum
948 3944 1014 3996 erat
1031 3956 1090 3995 nou
1106 3936 1253 3997 incelebre
1274 3936 1428 4018 oppidum,
1442 3958 1508 3999 ma-

543 4028 676 4109 joriaque
698 4028 797 4090 adhuc
816 4030 906 4091 fama
920 4030 1046 4092 Amisus
1069 4039 1101 4093 et
1118 4031 1240 4114 Sinope.
1282 4033 1394 4114 Neque
1415 4034 1509 4096 refert

547 4122 601 4186 har
618 4124 764 4187 interdum
784 4124 889 4189 Ponto
908 4126 1065 4190 vindicari.
1106 4128 1191 4190 Nam
1210 4130 1361 4209 regionum
1383 4132 1508 4192 istarum

580 4339 591 4365 ⁶
609 4334 704 4398 Quippe
716 4334 758 4385 abi
774 4350 817 4399 per
833 4336 1007 4401 Pramtidenr
1042 4319 1502 4405 rarialiquodoratiouirmcmbrnm3

546 4397 707 4473 iaEuuinura
717 4402 856 4451 intraueris.
891 4404 953 4460 Qua
967 4418 1005 4453 re·
1041 4404 1111 4468 quod
1130 4408 1252 4470 rupplere
1268 4407 1437 4472 bandoragni
1450 4422 1507 4457 mc·

545 4464 640 4527 gum]
658 4464 831 4531 Periplcuum
847 4475 889 4518 ert
902 4467 1006 4521 darida·
1041 4470 1124 4521 menti
1134 4478 1185 4523 cat.
1202 4472 1275 4523 cren.
