3300 5225
358 564 464 615 urnnr
490 561 666 615 cxxv-nr.
689 557 1017 614 suernununrun.
1156 541 1246 608 dett)

166 710 215 767 39.
236 697 377 767 Athenas
389 706 467 767 enim
486 704 573 785 regiis
590 705 724 786 partibus
738 702 874 765 Aristion
885 696 1011 784 'quidem
1024 698 1079 761 ad·

59 866 62 869 ,
124 802 280 879 junxerat3
303 802 380 865 adeo
392 803 482 865 nullis
493 802 542 864 vel
553 803 592 863 ud
604 804 771 882 cogendum
780 802 830 864 vel
843 801 883 862 ad
894 799 1079 861 suadendum

129 900 268 980 presidiis
281 903 450 973 instructus,
473 912 508 962 ut
527 902 600 961 nihil
624 901 808 982 relinquatur
820 899 885 960 haec
899 898 1077 977 legentibus,

122 1017 213 1077 quam
226 998 368 1060 Graecam
383 998 535 1060 levitatem
551 998 702 1060 admirari.
738 998 825 1066 ,Eum
843 996 1024 1058 Aristionem
1037 1017 1076 1057 ex
1105 1002 1187 1053 Paua
1199 1020 1241 1072 sp.

128 1094 305 1168 Aristotelis,
317 1096 366 1157 vel
380 1106 414 1157 ut
426 1098 478 1158 alii
498 1098 626 1167 malunt,
646 1115 685 1156 ex
710 1096 834 1177 Epicuri
847 1094 952 1155 schola
963 1094 1076 1175 sophis·
1089 1066 1181 1184 {lgm
1194 1086 1220 1119 '‘
1304 1099 1307 1103 ’

127 1201 194 1265 tum,
207 1193 407 1256 Athenienses
427 1195 467 1256 ad
489 1194 698 1255 Mithridatem
715 1192 847 1273 legatum
867 1194 1025 1253 miserant:
1046 1197 1197 1275 etn'ppim.

126 1312 174 1352 rex
186 1293 311 1372 henigne
325 1302 491 1374 acceptum,
506 1292 646 1374 quoniam
665 1292 766 1370 magni
788 1290 955 1350 aestimabat
976 1290 1077 1350 Athe-
1087 1263 1171 1313 M*

126 1390 233 1451 nienses
245 1391 355 1452 habere
376 1392 484 1462 socios,
499 1394 528 1451 in
548 1390 709 1451 amicorum
728 1388 879 1449 cohortem
901 1395 1075 1467 receperat:

125 1488 241 1569 ejusque
253 1508 345 1569 opera
357 1488 388 1548 in
401 1488 596 1568 legationibus
609 1485 648 1547 nd
662 1486 786 1547 Graecas
795 1487 884 1546 urbes
895 1486 1043 1548 utebatur.
1088 1490 1192 1545 Ριιιιιιι.
1204 1511 1224 1545 r.

160 1592 208 1645 40.
231 1584 337 1667 Atque
347 1584 400 1646 ille
413 1594 491 1667 saepe
503 1584 624 1646 domum
637 1584 810 1645 missitando
823 1584 935 1656 literas,
950 1584 1075 1663 gratim
1087 1588 1173 1647 Postu.
1215 1658 1219 1670 ²

125 1702 211 1755 mam,
224 1686 360 1765 regisque
371 1684 602 1765 magnitudinem
614 1683 791 1745 extollebat.
834 1692 844 1719 ‘
854 1680 959 1764 Hujus
971 1683 1075 1744 amici·

125 1782 190 1841 tium
202 1783 228 1843 si
241 1782 500 1864 amplecterentur,
513 1792 545 1845 et
564 1782 691 1843 mulctas
704 1804 724 1844 a
737 1781 885 1841 Romanis
901 1780 999 1842 dictas
1010 1780 1074 1842 t‘ac·

124 1879 306 1950 turostlucri3
328 1890 360 1941 et
380 1882 518 1941 restituto
536 1880 639 1962 populi
652 1880 786 1961 imperio,
800 1881 933 1940 maxima
953 1877 1074 1961 publico

125 1976 316 2059 privatimque
333 1999 352 2040 a
372 2000 442 2059 rege
463 1999 587 2040 munera
606 1980 815 2060 impetraturos
837 1978 923 2037 esse?
964 1975 1016 2036 Ite
1030 1975 1192 2044 les-Pam.

123 2072 240 2134 riaeimae
253 2078 333 2157 parti
353 2076 457 2159 populi
477 2074 567 2137 t'acile
585 2096 757 2158 persuasum
769 2084 833 2136 est:
854 2084 965 2135 etcum
978 2095 1072 2156 appa-
1100 2090 1155 2144 cic.
1166 2094 1237 2147 Brut.

123 2182 192 2233 reret
203 2172 276 2254 quid
290 2183 369 2235 esset
380 2174 524 2248 futurum,
535 2174 693 2256 optimates
705 2174 757 2255 qui
777 2171 984 2234 Romanarum
1004 2193 1072 2254 par·
1084 2172 1107 2207 ⁰·
1117 2162 1158 2209 ⁸⁰·

123 2268 188 2330 tium
199 2280 296 2343 eraut,
310 2280 426 2333 mature
438 2281 648 2343 excesserunt3
671 2292 740 2333 cum
756 2272 865 2352 quibus
885 2279 917 2331 et
934 2272 1073 2353 princeps

119 2366 290 2439 ‚Academiae
303 2370 398 2431 Philo
409 2369 540 2431 Romam
555 2368 703 2451 profectus
712 2379 766 2431 est.

156 2472 203 2527 41.
223 2466 352 2529 Interim
366 2468 481 2529 Aristio
500 2488 569 2529 cum
584 2488 669 2529 sscre
686 2487 754 2549 quae
766 2468 797 2528 in
812 2464 894 2528 Delo
905 2467 1006 2528 tuerat
1017 2452 1070 2548 pe·
1082 2472 1191 2541 Appius.

114 2562 210 2638 ,cunita
221 2573 253 2626 et
264 2564 391 2628 duorum
410 2566 537 2628 millium
554 2566 680 2628 militum
704 2564 841 2648 presidio
853 2563 935 2648 quod
950 2564 1070 2626 Arche·

112 2657 178 2744 ‘laus
197 2662 387 2743 adjunxerat,
409 2663 549 2726 Athenas
569 2663 696 2736 rediens,
724 2671 902 2746 tempestate
928 2662 1070 2743 abreptus
1081 2673 1166 2724 Postu.

120 2757 191 2837 apuu
215 2759 372 2843 curytes
397 2763 523 2844 appune
574 2760 648 2824 1100
672 2761 724 2822 uer
750 2761 863 2843 popuro
888 2759 1071 2821 ruthenensi
1182 2746 1185 2754 '

120 2866 303 2937 conpertum,
318 2858 413 2938 longae
433 2879 524 2920 neves
546 2859 586 2920 od
598 2857 806 2920 deducendum
818 2878 887 2919 euru
899 2859 1068 2929 mittuntur,

120 2967 180 3011 curn
190 2953 263 3015 sella
276 2956 425 3035 argenteis
438 2955 565 3039 pedihus
577 2954 667 3016 t'ulta.

154 3055 201 3111 42.
220 3051 445 3114 Aduenientem
465 3051 561 3114 affusa
574 3053 681 3116 civitas
692 3050 824 3132 excepit,
837 3050 972 3133 plerique
984 3071 1068 3113 caeca

121 3143 146 3203 in
166 3143 373 3210 Mithridatem
389 3150 609 3222 benevolentia,
622 3149 745 3231 quidam
766 3157 800 3209 ut
816 3157 985 3230 spectarent
1001 3151 1066 3210 ino·

122 3241 241 3319 pluatum
263 3245 393 3306 fortunae
419 3246 534 3320 ludum,
558 3246 639 3328 quod
659 3249 801 3308 obscurus
831 3246 947 3307 ancillae
973 3245 1065 3320 lilius,

121 3341 289 3421 tscnptitius
301 3342 494 3404 Athenarum
511 3345 597 3416 civis,
612 3345 723 3424 majore
743 3343 832 3414 lustu,
845 3363 936 3424 quam
949 3342 1065 3416 Rome·

121 3451 211 3497 norum
223 3441 451 3518 magistratuum
465 3449 616 3522 spectatus
628 3441 786 3522 quisquam
799 3439 909 3510 luerat,
923 3440 1065 3500 adtente

120 3628 228 3713 berique
232 3635 362 3714 junioris
375 3635 434 3713 (ita
448 3635 637 3698 Mithridates
647 3637 748 3697 vocari
758 3639 904 3718 coeperat)
917 3636 1062 3708 nuntium,
1075 3625 1195 3740 quasti.

120 3726 153 3785 sd
164 3747 345 3792 communem
357 3731 469 3804 focum,
486 3732 650 3816 epulasque
662 3742 694 3794 et
703 3729 867 3793 sacrificie’
884 3731 1062 3792 invitabent
1076 3741 1162 3791 Porio.

120 3819 193 3886 Nam
212 3831 334 3912 propter
357 3827 477 3890 felicem
499 3832 566 3909 ejus
588 3829 714 3891 reditum
737 3849 822 3890 saera
847 3826 1010 3900 faciebant,
1032 3835 1065 3889 et

118 3939 239 3999 precone
252 3923 373 4003 publice
386 3923 588 4005 proclamante
600 3926 745 3988 libabant.

152 4025 197 4080 43.
218 4019 281 4080 Ille
291 4021 322 4080 in
334 4019 454 4081 domum
467 4021 703 4102 splendidissime
716 4021 1061 4101 instructamdegressus,

119 4116 245 4192 postridie
263 4137 333 4178 cum
357 4117 464 4196 insigni
489 4119 609 4192 vestitu,
629 4127 661 4179 et
681 4117 791 4180 annulo
809 4119 859 4179 cui
873 4119 1062 4178 Mithridatis

119 4210 252 4294 insculpta
263 4213 376 4293 effigies
395 4223 470 4287 erat,
482 4235 552 4276 curn
572 4235 680 4296 magna
699 4215 939 4277 antecedentium
960 4235 1062 4296 prose-

119 4309 317 4390 quentiumque
339 4311 438 4383 turba,
460 4312 490 4372 in
508 4311 660 4393 publicum
680 4313 833 4395 procemit.
873 4311 944 4371 Jam
955 4320 1061 4373 anate

120 4403 214 4483 plateae
224 4415 310 4468 erant
320 4408 435 4470 exitum
454 4411 521 4490 ejus
539 4411 771 4493 praestolantium
785 4411 885 4484 turbe,
897 4409 1059 4472 maximus·
