3300 5225
412 561 500 628 ⁴942
893 575 928 624 v.
950 573 1047 624 nrvu

412 731 470 782 ssu.
482 746 504 780 c.
515 731 557 782 tt.
575 719 616 780 ris
627 717 766 800 colloquii
786 715 939 780 seductum
957 713 1167 779 confoderent:
1190 715 1225 776 1..
1245 715 1363 777 Bestis'
1377 715 1419 792 (is
1431 717 1520 776 tribu·

328 873 332 882 .
414 796 521 862 Appias.
576 825 678 878 nattum
692 817 787 899 plebis
798 826 864 878 erat
875 813 1162 894 inimrus)⁸‘subitc
1182 813 1323 875 concione
1342 825 1454 875 vocata
1471 814 1521 874 ci-

577 933 712 976 ceronem
733 923 896 986 accusaret,
916 910 1119 973 meticulosum
1137 911 1297 982 bominem,
1309 920 1342 972 et
1354 913 1401 971 sui
1414 911 1523 971 timoris
1620 936 1621 971 r

577 1009 747 1091 implentem
769 1009 914 1072 credulus.
955 1008 1103 1069 Proxima
1121 1007 1229 1068 deinde
1248 1017 1346 1077 nocte,
1366 1007 1522 1070 duodecim
1620 1006 1621 1009 ’

415 1131 512 1183 surm,
578 1107 652 1169 locis
664 1108 733 1168 urbs
745 1107 969 1168 incenderetur!
1010 1105 1050 1166 lii
1067 1107 1196 1185 negotio,
1209 1114 1316 1187 prietes
1331 1107 1401 1184 jam
1419 1107 1523 1180 dictos,

580 1203 615 1264 n.
630 1203 759 1276 cono,
776 1203 818 1266 P.
832 1203 982 1265 nannius
999 1201 1122 1284 Capito,
1143 1201 1178 1262 n.
1192 1201 1330 1263 sunum
1345 1183 1433 1264 aiat
1452 1225 1523 1285 pm
1620 1254 1621 1299 ,

579 1299 680 1362 futuri.

433 1395 524 1446 Cic-¹⁰
619 1404 669 1458 84.
691 1395 773 1456 Haec
785 1394 1000 1475 vigilantissimi
1010 1393 1140 1456 consulis
1155 1414 1227 1458 cura
1245 1395 1276 1455 in
1295 1394 1410 1457 irrimm
1429 1399 1526 1460 omnis

418 1461 513 1514 ω’·
581 1491 757 1554 reciderunt.
799 1491 844 1563 ls,
864 1493 893 1552 in
912 1491 1010 1551 lorum
1029 1511 1205 1572 progrems,
1224 1491 1364 1552 Catilium
1375 1493 1479 1573 fugam
1498 1506 1527 1556 et

580 1591 705 1651 consilia
715 1589 853 1670 exposuit
871 1587 994 1670 populo,
1013 1589 1059 1649 ita
1076 1587 1240 1659 moderans,
1260 1598 1294 1647 ut
1313 1589 1527 1670 negligentibus

580 1695 714 1750 extrema
726 1687 825 1748 omnia
838 1685 1008 1757 metuenda,
1024 1687 1153 1756 intentis,
1171 1686 1313 1767 optimam
1328 1707 1412 1768 spem
1432 1699 1526 1749 ouen.

580 1784 680 1845 deret:
701 1805 796 1864 neque
815 1784 882 1845 falli
900 1805 954 1848 eus
972 1791 1119 1864 peteretur
1135 1781 1207 1843 licta
1220 1782 1361 1844 Catilium
1373 1785 1527 1858 modestia,

581 1902 669 1962 quem
682 1881 765 1942 exilii
777 1901 871 1944 causa
880 1880 977 1942 sulum
989 1880 1107 1941 verfisse
1119 1879 1204 1941 multi
1216 1881 1310 1941 literis
1320 1886 1388 1963 ejus
1399 1882 1526 1966 decepti,
1621 1894 1622 1911 ¹

582 1989 635 2041 aut
659 1978 757 2040 studio
782 1980 910 2060 partium
934 1977 1120 2039 dictitabant.
1161 1975 1223 2043 sed
1247 1999 1359 2059 paucos
1381 1991 1451 2061 post
1468 1983 1529 2042 dies

581 2077 737 2158 epistolam
755 2077 820 2156 ejus
839 2077 869 2136 in
888 2083 994 2137 senatu
1014 2075 1057 2144 Q.
1071 2073 1200 2135 Catulus
1211 2076 1347 2137 recitavit
1358 2076 1418 2138 boc
1431 2098 1527 2140 exem·

582 2173 643 2256 plo.

421 2289 507 2340 subs.
518 2291 560 2340 u.
622 2277 672 2332 en.
694 2269 749 2330 ⁶1..
763 2268 950 2337 CatilinaQ.
962 2267 1074 2329 Catulo
1085 2267 1221 2330 salutem.
1256 2267 1529 2350 Egreginmstides

583 2387 614 2430 re
627 2367 759 2446 cognita,
775 2375 861 2444 grata
872 2365 946 2426 mibi
957 2364 1071 2444 mugnis
1089 2365 1120 2425 in
1135 2365 1209 2425 meis
1226 2365 1378 2446 periculis,
1391 2365 1528 2429 fiduciam

583 2463 832 2526 commendationi
855 2481 929 2523 mese
954 2461 1066 2524 tribuit.
1108 2463 1311 2530 Quamobrem
1330 2463 1528 2526 defensionem

585 2562 615 2623 in
640 2561 764 2623 consilio
788 2580 866 2621 novo
890 2579 948 2621 non
973 2558 1064 2621 statui
1090 2578 1211 2642 perure:
1237 2558 1471 2622 satisfactionem
1493 2583 1529 2623 en

585 2656 669 2719 nulla
679 2658 860 2721 conscientia
870 2656 910 2717 de
927 2656 1018 2738 culpa
1034 2650 1195 2738 proponere
1206 2656 1342 2727 decrevi3
1365 2678 1456 2738 quam
1472 2680 1529 2719 me·

585 2754 652 2816 dius
670 2753 758 2815 fidius
769 2774 872 2816 veram
890 2752 963 2815 lieet
980 2772 1151 2832 cognoscas.
1192 2751 1316 2833 lnjuriis
1333 2755 1531 2818 contumeliis·

585 2874 643 2933 qus
670 2852 846 2923 concitatus,
869 2849 950 2931 quod
971 2848 1069 2911 fructu
1095 2848 1205 2911 laboris
1230 2848 1440 2931 industriaque
1462 2872 1531 2912 mea

586 2951 727 3031 privatus,
740 2959 849 3011 statum
862 2948 1017 3027 dignitatis
1030 2966 1088 3007 non
1108 2946 1292 3020 obtinebam,
1310 2948 1462 3029 publicam
1479 2950 1531 3009 mi·

584 3068 711 3109 sevorum
724 3067 845 3107 caumm
857 3066 911 3128 pru
923 3065 990 3105 mea
1001 3043 1211 3105 consuetudine
1223 3047 1349 3126 suscepi.
1375 3046 1451 3106 Non
1464 3048 1533 3129 quin

524 3210 527 3218 .
585 3166 627 3207 ms
639 3144 767 3206 alienum
780 3144 854 3203 meis
871 3141 1037 3203 nominibus
1048 3161 1087 3201 ex
1100 3142 1330 3222 posessionibus
1341 3143 1456 3204 solvere
1469 3164 1534 3225 pus-

585 3264 658 3314 sem,
679 3261 746 3303 cum
766 3251 797 3302 et
816 3239 922 3301 alienis
941 3238 1109 3299 nominibus
1127 3238 1290 3299 liberalitas
1309 3240 1462 3302 Omilre
1477 3244 1535 3301 suis

587 3340 716 3419 filiaque
729 3338 823 3420 copiis
835 3334 1014 3419 persolveret
1021 3356 1030 3405 3
1052 3330 1104 3395 seri
1117 3335 1197 3415 quod
1217 3355 1276 3396 non
1289 3336 1393 3415 dignus
1403 3338 1534 3398 bomine·

587 3438 696 3497 bonore
715 3435 884 3496 honestatus
895 3432 1046 3503 videbun,
1059 3452 1164 3511 meque
1182 3431 1258 3492 falsa
1276 3434 1444 3515 suspicione
1464 3434 1532 3495 alie-

586 3542 688 3593 natum
701 3552 763 3593 esse
775 3532 957 3592 sentiebam:
971 3530 1029 3590 boc
1041 3530 1159 3589 nomine
1171 3531 1243 3589 sams
1254 3530 1392 3591 bouesms
1403 3552 1460 3613 pro
1471 3552 1534 3593 meo

587 3648 657 3693 casu
676 3647 744 3711 spes
763 3628 887 3708 reliqua
910 3626 1063 3705 dignitatis
1087 3626 1295 3687 conservande
1318 3646 1384 3686 sum
1408 3638 1533 3689 menum

588 3727 685 3788 Plura
703 3744 771 3787 enm
790 3726 917 3787 scribere
936 3722 1058 3794 vellem,
1078 3722 1244 3783 nuntiatum
1256 3732 1311 3794 est,
1324 3724 1385 3783 vim
1398 3725 1472 3785 mibi
1484 3746 1535 3806 ps·

588 3826 657 3887 vavi.
708 3822 801 3884 Nune
827 3820 1001 3883 Orestillam
1033 3820 1088 3880 tibi
1113 3819 1298 3892 commendo,
1322 3829 1444 3911 tneque
1468 3822 1535 3883 lidei

589 3920 683 3983 mado.
725 3920 802 3983 Eam
817 3921 857 3980 ab
869 3918 978 3998 injuria
990 3916 1132 3978 delendus
1144 3937 1198 4000 per
1210 3916 1318 3979 liberos
1328 3927 1396 3979 tuus
1408 3931 1533 4001 rogatus

590 4018 715 4080 riveto!

594 4180 789 4300 ailquiitumuiu
806 4186 892 4296 iteete
917 4180 1046 4305 insilii:
1081 4179 1533 4319 ganistai-:xreiiffiz

591 4324 663 4365 tatur
681 4312 771 4363 Freins
789 4312 872 4361 emtus
890 4310 1052 4370 Sallustium,
1085 4314 1140 4357 tum
1151 4308 1300 4371 desrgnstos
1310 4318 1411 4360 tantum
1427 4320 1493 4366 erat.
1508 4318 1534 4359 st

592 4379 670 4441 apud·
685 4390 760 4441 quem
778 4377 881 4439 legitur.
897 4376 946 4425 ⁴1.
963 4374 1054 4425 Bestia
1087 4375 1362 4427 consummetis
1374 4376 1461 4427 Cicer.
1476 4375 1532 4425 vin

593 4443 709 4496 tribunus
719 4440 822 4508 plebis'
840 4440 942 4506 Nempe
958 4440 1002 4492 ille
1013 4439 1053 4493 lu·
1087 4436 1269 4499 intumo-107.
1289 4441 1362 4492 Cres.
