3300 5225
382 554 485 603 nrnnl
513 552 642 645 ΙιΧΙΧΣ.
666 552 994 605 EUPPLEHENTUM·

131 721 188 763 rem
200 700 297 761 mini
309 718 369 759 non
379 718 473 780 poeno.
503 697 617 761 Omnia
625 692 774 779 expertos,
787 706 822 758 ut
832 690 992 777 eibi'etqne
1004 694 1084 758 Urbi

130 796 323 870 consulerent,
344 796 419 857 nihil
437 792 599 879 proficere:
614 796 686 877 quin
705 796 777 877 ipeie
794 794 932 857 remediis
949 795 1084 857 morbum

129 894 318 957 invalescere.
358 892 542 955 'l'rnnsitionc
562 893 688 953 militum
706 904 737 954 et
751 893 848 975 plebio
859 902 962 955 onemo
976 892 1084 953 Cinna

131 993 281 1073 Mariique
307 993 337 1053 lu
358 991 530 1053 immensum
551 993 673 1073 copine:
698 1001 730 1053 et
752 992 851 1072 plures
872 989 1084 1073 propemodum

129 1092 197 1153 inde
222 1091 360 1164 militem,
382 1111 457 1171 quoe
475 1091 544 1172 ipei,
566 1110 656 1173 quam
676 1110 751 1171 quoe
770 1084 878 1164 booten,
898 1099 1084 1151 sacramento

129 1198 287 1269 rogassent.
329 1188 528 1270 Reliquorum
547 1190 639 1251 etiem
656 1206 797 1267 magnam
815 1198 941 1271 portem,
959 1206 1084 1267 corpore

129 1284 209 1369 apud
230 1288 321 1369 ipeoe,
342 1288 441 1347 animo
456 1296 585 1367 votoque
599 1307 667 1347 cum
681 1286 857 1348 adverseriie
867 1306 966 1367 egere.
1007 1284 1082 1349 Non

129 1380 224 1463 igitur
244 1382 453 1456 dubitandum,
477 1384 549 1463 quin
571 1382 721 1445 mittendis
745 1383 853 1463 legetis
876 1382 1021 1445 tentando
1043 1384 1085 1443 eit

127 1482 312 1563 compositio.
335 1481 373 1544 G.
390 1480 534 1553 Marium,
548 1480 583 1541 1..
595 1480 734 1554 Cinnam,
745 1480 831 1543 illum
844 1490 991 1543 senectam
999 1499 1084 1542 ouem

128 1586 160 1638 et
172 1586 219 1639 tot
235 1576 395 1657 magnifice
412 1596 470 1639 non
484 1578 526 1638 ita
537 1577 716 1651 clamumrn,
730 1580 808 1639 bunc'
820 1579 916 1659 primo
928 1578 1085 1639 comulmu

128 1682 160 1735 et
172 1676 373 1737 muuntotem
387 1682 523 1737 votorum
535 1675 683 1765 etpummi
703 1674 762 1737 loci
774 1674 951 1755 dignitatem
969 1695 1029 1735 uon
1041 1676 1086 1735 ita

129 1770 345 1844 inclinaturum,
360 1780 394 1832 ut
403 1773 454 1832 illc'
464 1772 554 1851 gestie
563 1770 733 1845 honoribne,
742 1772 792 1832 hic
801 1772 937 1854 speretis,
947 1771 1086 1851 indigum

128 1866 225 1928 videri
238 1867 357 1929 debeat.

168 1971 220 2029 12.
242 1965 356 2033 ‘Quod
375 1966 400 2027 ei
422 1966 493 2047 quie
511 1964 643 2027 diffidere
662 1966 759 2039 malit,
780 1974 812 2028 et
833 1986 968 2049 presago
985 1968 1086 2026 auimo

127 2063 293 2123 futurorum
307 2063 451 2123 malorum
467 2063 658 2123 acerbitatem
672 2084 820 2135 enarrare,
838 2064 867 2124 ei
880 2065 938 2125 boc
951 2063 1015 2125 fore
1032 2084 1085 2124 co·

128 2160 299 2239 gitandun,
317 2182 413 2242 neque
428 2160 484 2221 illa
497 2161 613 2235 evitari,
631 2161 688 2223 bac
700 2163 822 2243 quidem
835 2163 960 2234 ratione,
974 2170 1006 2221 et
1017 2181 1085 2243 pro-

128 2260 232 2321 vocari
246 2268 390 2340 preterea
402 2259 488 2341 plura
501 2278 594 2340 pone.
625 2256 699 2319 Non
713 2261 756 2319 ita
768 2279 837 2325 cum
850 2260 939 2320 rebus
951 2259 1087 2319 humenie
1142 2342 1146 2345 -

127 2360 189 2437 agi,
204 2369 240 2419 nt
252 2357 389 2439 quolibet
400 2364 534 2437 tempore
546 2357 638 2417 teneri
657 2366 750 2437 quent
764 2366 831 2418 tntn
843 2366 875 2418 et
886 2355 1086 2437 periculorum

126 2474 237 2536 erpere
262 2456 322 2516 via.
361 2454 546 2535 Plerumque
570 2453 609 2515 de
630 2474 667 2516 eo
687 2454 894 2516 tantummodo
913 2454 1085 2525 deliberari,

127 2564 196 2616 ntro
209 2552 298 2615 modo
310 2552 490 2614 miseriorum
509 2554 547 2614 eit
560 2552 691 2614 sutorum
705 2554 809 2615 minus:
853 2550 934 2614 Sene
948 2572 1008 2613 non
1022 2566 1086 2612 eree

127 2653 250 2712 inanem
263 2661 374 2712 metum
392 2671 492 2711 eorum
506 2652 558 2733 qui
576 2652 791 2712 vehementiam
805 2651 923 2723 (linnae,
936 2651 990 2732 qni
1003 2671 1087 2732 nepe·

125 2750 248 2810 ritatem
263 2747 354 2808 Marii
364 2749 496 2808 timeant.
539 2747 613 2820 Sed,
628 2758 663 2808 ut
675 2749 774 2808 omnia
786 2767 877 2828 qnam
893 2749 1007 2827 possint
1018 2769 1086 2828 pro·

125 2847 238 2908 cedant
251 2847 387 2928 pessime,
402 2847 431 2904 in
445 2865 556 2926 pancos
568 2845 642 2906 sorte
653 2847 852 2928 expetiturum
865 2843 1086 2918 calamitatem:

126 2943 273 3027 populum
287 2951 366 3002 certe
377 2940 550 3003 Romanum
562 2941 736 3025 Urbemque
750 2943 780 3002 in
790 2951 858 3002 tuto
872 2941 947 3004 t'ore.

167 3047 220 3102 13.
242 3039 376 3120 ‘Neque
397 3039 472 3100 scire
491 3041 581 3121 ipone,
602 3039 753 3120 quibant
775 3041 954 3099 cententiam
973 3038 1086 3110 dicem,

125 3149 265 3201 utrumne
283 3136 403 3197 illorum
416 3138 557 3216 eonguine
569 3136 676 3197 satiare
686 3136 886 3218 cupiditatem
896 3136 1018 3197 ultionis
1030 3138 1087 3195 ini·

127 3238 200 3300 mici
212 3235 327 3298 velint:
349 3233 402 3295 ned
423 3235 466 3294 ite
486 3227 667 3305 eristimnre,
683 3236 739 3294 sibi
755 3233 911 3295 subeunda
923 3235 1021 3315 potine
1032 3255 1086 3296 ex·

127 3334 459 3404 nemaomniaeeemt
468 3333 585 3394 Urbem
594 3342 721 3404 servent,
731 3352 821 3414 quom
831 3332 1087 3403 committendum,

125 3441 161 3494 ut
172 3452 238 3492 enae
254 3430 465 3492 incolumitatis
477 3431 584 3510 gretia
599 3430 812 3512 rempublicam
828 3430 1089 3511 inexplicabilibus

124 3529 218 3589 malie
244 3528 402 3590 involvime
424 3526 573 3591 dicantur.
624 3527 755 3588 Mortem
780 3529 878 3590 cuivis
903 3528 1088 3588 tolerandam

1155 532 1245 605 4686

123 3647 210 3686 eene:
228 3626 335 3687 felices
348 3627 402 3707 qni
414 3627 453 3686 ob
467 3627 593 3707 patriam
606 3627 787 3708 oppetierint
795 3647 803 3695 ;
819 3625 966 3686 feliciores
983 3627 1087 3696 etiem,
1221 3641 1224 3644 ·

123 3724 151 3784 ai
164 3733 356 3784 antevertant
367 3732 563 3805 avertantque
577 3724 679 3805 populi
692 3723 810 3784 clndem
824 3743 832 3782 τ
846 3725 907 3795 cni,
920 3724 946 3784 ei
956 3725 1089 3784 emuntur

124 3821 258 3894 obsidio,
279 3820 359 3882 lame
373 3821 554 3903 pereundum
570 3823 625 3890 eit3
640 3821 665 3881 ei
684 3820 846 3902 pugnando
865 3823 968 3882 vincet
983 3823 1087 3892 boetie‘,

123 3921 217 3981 ferro.
261 3919 354 3988 Quod
374 3921 399 3980 ei
419 3919 496 3980 lorte
515 3918 621 3980 Cinnae
637 3927 689 3980 aut
707 3919 802 3980 Merii
817 3929 954 4000 errepecta
966 3919 1087 4000 quibua*

123 4017 199 4079 dam
212 4019 253 4078 eit
266 4017 352 4090 fidee,
365 4018 460 4098 pectis
473 4017 597 4098 obligari
619 4025 650 4076 et
658 4016 857 4096 jurejurendo
876 4037 981 4097 ponae:
1003 4025 1037 4076 et
1055 4021 1089 4077 ut

120 4117 166 4178 eic
181 4135 305 4197 qnoque
319 4135 379 4176 non
392 4115 491 4176 omnia
505 4114 704 4198 respondeant
721 4115 810 4184 rotie,
830 4115 976 4174 mitiorem
988 4122 1088 4173 tamen

120 4214 242 4294 operari
263 4213 407 4276 rictorem
430 4231 526 4294 poree,
545 4215 594 4272 cui
613 4211 799 4272 conditiones
817 4221 849 4271 et
866 4231 980 4294 precee,
997 4229 1088 4292 quam

39 4317 40 4326 ’
121 4312 174 4374 cni
191 4331 277 4371 arma
290 4310 482 4392 opposueris!

193 4427 286 4493 Detpt.
295 4432 321 4478 et
332 4426 390 4478 Ver.
403 4428 468 4476 ctae.
632 4421 728 4474 liniue.
741 4467 743 4471 .
