3300 5225
379 570 467 665 4668
860 590 896 637 r.
919 551 1016 638 urvrr

379 740 435 791 Lis.
446 738 513 805 Epir.
578 735 613 789 '2
635 728 755 809 legatis
771 728 881 790 deinde
902 729 1052 791 mittendis
1065 730 1170 790 iterum
1182 737 1299 791 tentate
1315 748 1385 810 spes
1396 728 1493 809 pscis,

379 838 445 915 Veli.
485 903 492 917 .
537 828 686 907 justusque
709 824 894 887 conditiones
912 827 1079 909 propositus.
1121 825 1195 899 Sed,
1208 825 1329 888 violatis
1340 825 1494 885 econsule

342 930 348 943 ·
377 902 514 1019 fflssml·
543 921 690 984 Norbano
702 922 818 1002 legetis,
839 931 939 984 murs
958 923 1047 984 ordor
1062 922 1254 1004 Syllanorum
1266 922 1335 994 luit,
1350 930 1385 982 ut
1397 922 1495 1002 prius·

541 1038 631 1099 qusm
644 1018 771 1079 ordinari
787 1020 868 1080 scies
886 1028 995 1101 ponet,
1009 1020 1172 1103 lymphatis
1190 1018 1301 1080 similes
1322 1019 1353 1078 in
1375 1018 1493 1078 bostem

530 1116 653 1197 ,impetu
671 1116 862 1177 incurrerent.
901 1115 940 1177 0.
954 1105 1239 1178 Norbanus-coniul
1250 1135 1320 1177 cum
1338 1112 1376 1175 0.
1391 1114 1494 1175 Mario

339 1262 342 1275 .
541 1211 729 1274 adolescente
748 1232 872 1292 magnas
886 1214 989 1294 copies
1007 1214 1084 1274 inter
1105 1212 1243 1294 Capuam
1262 1222 1295 1273 et
1313 1210 1493 1283 Cosilinum,

377 1309 528 1377 Μοῦσος.
541 1307 695 1370 Vulturno
719 1311 840 1371 assitam
861 1308 1021 1379 colonium,
1044 1309 1196 1370 bubebat:
1224 1328 1286 1389 quo
1310 1307 1377 1370 loco
1400 1308 1493 1389 poulo

541 1414 700 1486 antequem
711 1406 741 1465 in
756 1403 880 1465 Italiam
894 1402 985 1486 Sylla
996 1404 1226 1477 transcenderet,
1240 1404 1308 1464 due
1320 1405 1411 1474 scies,
1422 1424 1492 1464 cunr

540 1500 687 1563 borrendo
716 1500 832 1580 lrugorc
855 1520 1013 1573 armorum,
1043 1502 1252 1583 signorumque
1271 1500 1407 1583 strepitu,
1438 1520 1494 1580 per

541 1596 640 1679 plures
651 1597 715 1658 dics
728 1600 800 1659 visre
810 1617 996 1667 concurrere,
1009 1598 1118 1658 sensim
1136 1607 1326 1679 econspectu
1339 1598 1492 1658 bominum

540 1695 571 1754 in
585 1702 680 1755 obrem
700 1694 788 1756 elatus
800 1702 993 1763 evanuerant,
1003 1694 1115 1755 relictis
1123 1714 1266 1774 equorum
1281 1694 1492 1774 bominumque

540 1791 683 1870 vestigiis,
696 1790 852 1871 herbisque
863 1811 900 1851 sc
913 1788 1050 1870 virgultis
1061 1790 1144 1851 velut
1156 1810 1258 1853 recens
1270 1790 1409 1870 protritis

377 1888 446 1940 Plus.
581 1892 610 1947 θ.
633 1886 747 1949 Praelio
763 1888 916 1947 commisso
933 1906 1029 1966 neque
1046 1905 1146 1967 pugna
1157 1905 1278 1967 anceps,
1291 1906 1386 1966 neque
1398 1904 1492 1946 cerso-

478 2018 479 2023 κ
540 2003 605 2042 rum
619 1983 765 2063 utrimque
788 2002 925 2043 numerus
937 1981 1015 2043 alius
1027 1981 1094 2053 fuit,
1108 2002 1198 2063 quam
1215 1984 1241 2042 si
1260 1982 1330 2042 binc
1342 1982 1491 2052 mulieres,

378 2076 529 2129 0¹⁰⁶·'·¹⁰·
541 2078 609 2139 iude
621 2080 677 2140 viri
689 2074 899 2141 constitissent.
941 2077 1063 2161 Septem
1079 2077 1175 2139 millia
1193 2077 1232 2139 dc
1253 2078 1393 2139 Norbani
1404 2098 1492 2139 exer-

377 2140 480 2206 ΕΜ·
540 2176 601 2235 citu
614 2174 784 2237 cecideruut
792 2197 801 2245 ς
815 2196 869 2237 sex
883 2175 979 2237 millia
990 2186 1081 2257 coptu
1089 2185 1175 2236 sunt:
1189 2174 1277 2256 Sylla
1288 2173 1398 2235 milites
1409 2174 1492 2236 baud

541 2274 667 2355 emplius
685 2281 806 2335 centum
829 2273 936 2352 viginti
958 2282 1084 2352 quatuor
1106 2272 1214 2333 amisit.
1262 2270 1364 2333 Victis
1384 2271 1493 2354 Capua

376 2368 485 2433 Appias.
539 2380 674 2451 receptus
685 2368 751 2430 luit.
794 2368 1002 2459 Victoresch
1015 2368 1098 2430 velut
1109 2370 1207 2429 omine
1219 2367 1292 2429 belli
1305 2366 1379 2440 leti,
1393 2388 1492 2450 quan·

377 2434 444 2484 Plut.
540 2485 630 2546 quum
648 2465 748 2527 multis
767 2467 902 2547 pnrtibru
922 2464 1094 2546 smplioreru
1111 2486 1174 2526 esse
1193 2465 1320 2525 bostium
1337 2484 1492 2525 numerum

540 2563 685 2636 sciebant,
711 2583 743 2624 se
769 2572 868 2624 tumen
893 2564 1057 2645 superiores
1081 2562 1195 2626 loturos
1219 2564 1377 2624 rebantur:
1401 2561 1492 2643 idque

539 2680 638 2721 causae
652 2660 742 2721 luisse
755 2659 843 2741 Sylla
859 2659 992 2731 trsdidit,
1011 2680 1064 2722 cur
1082 2680 1140 2720 nou
1162 2661 1192 2721 in
1209 2656 1323 2741 oppida
1341 2655 1491 2740 disperge-

540 2767 650 2829 rentur,
670 2756 752 2837 quod
770 2754 822 2816 ille
842 2755 973 2818 lecturos
990 2758 1140 2820 timuerat.
1187 2757 1269 2835 Ergo
1288 2753 1392 2815 faciles
1408 2753 1492 2826 duci,

376 2847 485 2914 Allia·
539 2875 600 2935 quo
617 2855 841 2936 imperatoribus
856 2853 1015 2926 uideretur,
1033 2852 1166 2958 Tesuum
1188 2851 1354 2914 Sidicinum
1373 2871 1493 2934 prooes-

539 2961 648 3012 serunt.

376 3045 445 3096 Plue.
503 3071 507 3078 ·
581 3055 611 3108 4.
634 3047 717 3107 Inter
736 3045 864 3106 eundum
885 3045 1014 3106 Pontii¹
1047 3043 1203 3125 cujusdem
1222 3065 1323 3106 servus
1343 3042 1495 3106 lanuticus

540 3143 615 3204 odiit
628 3144 755 3226 Syllam,
770 3143 985 3222 victorismque
1002 3163 1034 3204 se
1052 3145 1081 3204 ei
1100 3143 1235 3203 nuntinre
1254 3142 1334 3202 dixit
1353 3140 1492 3203 Bellow

377 3231 466 3345 {ffi-
534 3243 640 3321 jussu:
661 3249 791 3302 ceterum
805 3240 837 3299 ni
848 3249 1018 3310 maturaret,
1032 3239 1216 3321 Capitolium
1229 3259 1378 3300 arsurum:
1401 3238 1493 3321 idque

377 3376 416 3410 w,
433 3302 503 3408 1³¹2
539 3336 652 3398 suctum
663 3347 708 3398 est
721 3337 764 3396 A.
779 3336 820 3396 D.
841 3336 936 3417 pridie
950 3335 1058 3397 Nonus
1070 3337 1235 3408 Quintiles,
1248 3357 1337 3416 quem
1346 3335 1398 3396 ille
1410 3336 1492 3397 diem

377 3439 430 3489 W·
441 3428 482 3475 81·
573 3507 591 3617 p
605 3501 774 3617 lllmmxit
785 3503 865 3554 Cres.
879 3499 996 3555 es'Plnr.
1009 3518 1055 3570 pru
1066 3505 1140 3554 Ponti
1154 3503 1222 3570 quod
1238 3504 1263 3554 lu
1275 3503 1336 3554 edd.
1347 3503 1442 3570 priorr.
1453 3504 1492 3556 le·

541 3583 607 3633 ges
652 3602 659 3616 .

925 3647 1111 3670 WNWO

540 3728 690 3779 Metellum*
708 3729 785 3779 Pium
814 3729 884 3779 bello
909 3730 998 3780 socislt
1033 3745 1083 3780 me
1096 3728 1218 3781 nonfuit.
1250 3727 1493 3794 8ecuudo,quode

540 3793 999 3860 ductarisseexercitumquetude
1034 3796 1179 3846 Plutsrcbo
1213 3804 1384 3844 memororum
1419 3793 1492 3858 epod

541 3860 566 3908 ei
584 3859 741 3924 proconsulis
757 3859 879 3910 bonorem
898 3873 999 3909 remen·
1035 3859 1240 3910 Freinshemiorn
1259 3857 1352 3908 eodem
1370 3857 1448 3921 libro,
1466 3873 1490 3909 c.

541 3925 613 4000 sisse.
625 3926 792 4038 qnepusemel
803 3933 946 4038 ppeumtum
958 3938 997 3974 re·
1033 3931 1059 4003 tl.
1078 3924 1340 4038 leglennfbletellurs
1359 3938 1439 4038 poure
1458 3938 1493 3972 ex

541 3997 998 4119 trr'ttrtttrtirretit
1033 3992 1492 4105 3⁸0ttll⁰2rt⁸rtt⁰¹ctrt⁰3:¹3

542 4121 634 4180 primo,
662 4119 760 4170 frustra
793 4119 997 4170 rrsrssnemium
1032 4119 1172 4180 leuderint,
1189 4119 1215 4168 id
1236 4120 1273 4169 lte
1292 4117 1490 4182 intelligendum

541 4181 559 4230 1.
569 4196 655 4233 cxxx.
667 4199 691 4233 c.
705 4188 743 4234 lt.
754 4183 847 4233 fecisse
859 4185 997 4234 Metellum
1032 4199 1100 4249 esse,
1111 4195 1140 4234 ut
1153 4195 1238 4234 lernen
1256 4183 1346 4246 urbem
1364 4185 1490 4233 Metellus

543 4247 713 4298 disserentem
731 4249 998 4299 insererendverrus
1033 4263 1085 4298 nou
1105 4252 1234 4314 ingressus
1252 4248 1296 4298 sit.
1328 4247 1363 4297 Et
1401 4247 1489 4296 uidem

542 4325 587 4424 ppt
605 4315 648 4377 qui
664 4315 765 4387 legatos
785 4315 817 4363 sd
839 4315 951 4364 blesium
970 4324 998 4363 et
1034 4316 1172 4378 Applsnus
1184 4314 1274 4363 scribit
1286 4311 1356 4389 illum
1368 4265 1402 4362 sa
1410 4311 1489 4362 Albe·

542 4376 998 4497 blzl,⁸mpg::cngffi⁸p1e0⁵lgr13¹3·
1034 4395 1094 4429 uum
1106 4387 1220 4430 orontem
1229 4377 1389 4430 consedisse.
1407 4380 1479 4427 Creo.
