3300 5225
358 571 462 622 urnnr
489 569 661 620 cxxxvi.
684 565 1010 619 surrunnnnrun.
1150 523 1268 616 ltili>⁸

122 733 215 796 opera
233 714 342 786 fuerat,
354 733 453 794 regem
465 713 682 796 deposcebant:
703 713 826 792 votique
838 719 989 791 compotes
1004 706 1078 768 iacti

121 815 224 874 statim
244 833 327 874 arma
344 811 550 894 deposuerant.
591 811 673 890 Ergo
697 808 891 870 Mithridates
906 807 1026 886 ingenio
1045 813 1079 868 et

123 911 231 992 peritia
247 930 343 970 rerum
364 911 513 992 suspicax,
536 907 592 970 filii
607 907 739 990 prolecto
756 907 868 970 astutia
884 903 1079 966 rebellionem

123 1029 191 1068 earn
203 1018 332 1088 coeptam
346 1007 513 1078 arbitratus,
520 1027 580 1087 quo
591 1008 648 1067 sibi
660 1025 780 1085 regnum
787 1004 968 1066 Colchorum
977 1010 1078 1090 extor-

123 1115 240 1185 queret,
255 1104 294 1165 ad
306 1123 337 1164 se
354 1104 479 1165 comiter
492 1112 631 1165 vocatum
650 1101 844 1185 compedibus
860 1102 958 1163 aureis
968 1099 1079 1170 vinxit,

123 1213 156 1261 et
169 1202 260 1283 paulo
273 1211 340 1284 post
353 1202 519 1265 interfecit:
541 1202 659 1262 minime
669 1202 779 1262 recenti
790 1201 985 1260 humanarum
995 1216 1079 1258 man-

124 1300 201 1359 tium
213 1297 416 1371 fluctuatione,
430 1307 464 1360 ut
473 1317 551 1359 nunc
562 1297 720 1359 liberorum
729 1309 821 1358 causa
832 1302 1078 1378 qnaerantregna,

123 1415 204 1457 nunc
217 1416 374 1476 regnorum
386 1415 477 1458 cansa
488 1394 630 1456 occidant
641 1395 760 1456 liberos.
833 1422 837 1427 >

166 1499 197 1554 8.
222 1492 259 1553 In
274 1493 462 1575 Bosporanus
474 1491 583 1554 deinde
603 1491 680 1552 adeo
700 1510 839 1570 magnam
856 1487 1009 1571 copiarum
1026 1507 1080 1547 na·

122 1591 266 1670 rinmqne
278 1589 401 1670 collegit
413 1588 644 1661 multitidinem,
657 1597 691 1649 ut
702 1589 836 1670 plerique
847 1595 951 1649 cortun
963 1585 1081 1656 Roma·

121 1705 182 1746 nos
192 1688 287 1766 magis
298 1686 362 1748 hec
380 1687 479 1748 omnia
492 1694 599 1768 parata
615 1685 883 1767 interpretarentur,
896 1703 987 1766 qnam
1004 1702 1082 1763 qnos

120 1783 178 1844 ille
200 1783 498 1858 nolebatinvasurns
517 1782 620 1845 videri.
663 1782 852 1865 Suspiciones
874 1783 977 1842 borum
997 1779 1081 1840 haud

121 1901 232 1961 parum
245 1902 362 1943 movere
373 1883 560 1954 credebatur,
573 1882 654 1962 qnod
668 1879 861 1942 Mithridates
878 1877 1081 1939 Ariobarzani
1157 1897 1160 1902 ·

123 1978 354 2061 Cappadociam
368 1981 412 2040 ita
423 1981 600 2051 restituerat,
612 1989 647 2041 nt
655 1989 753 2040 nmen
764 1978 834 2040 loca
844 1977 963 2058 aliquot
973 1993 1083 2057 oppor-

122 2085 200 2138 tuna
213 2086 278 2136 tum
290 2097 408 2158 quoqne
421 2079 570 2138 retineret.

165 2180 197 2234 9.
221 2172 261 2233 In
286 2173 344 2234 bac
365 2173 539 2253 agritudine
562 2173 738 2247 animorum,
763 2193 831 2235 cum
855 2171 895 2232 ad
922 2171 1246 2250 mammonam·

122 2269 301 2332 Archelaus
311 2289 380 2331 cum
393 2291 486 2332 uxore
499 2279 531 2332 et
538 2271 643 2332 liberis
651 2270 843 2352 perfugissetr
856 2268 933 2330 adeo
941 2287 1082 2349 magnam
1095 2238 1198 2352 ¹322ss

122 2367 165 2428 ad
178 2369 283 2428 omnia
294 2377 473 2429 momentum
486 2368 599 2442 attulit,
619 2370 725 2448 utjam
737 2389 824 2429 nemo
836 2368 909 2448 quin
921 2367 1082 2447 suscipien-
1094 2367 1204 2436 Appias.

122 2463 199 2524 dum
230 2473 308 2525 earet
330 2464 445 2526 bellum
466 2465 625 2528 dubitaret.
668 2463 707 2526 In
736 2485 846 2546 magna
864 2463 949 2524 illum
969 2462 1083 2524 invidia

118 2562 188 2642 jam
203 2581 224 2623 a
238 2571 369 2645 tempore
383 2563 592 2625 Gbaeronensis
607 2582 712 2646 pugnae
725 2562 828 2635 luisse,
848 2581 939 2644 supra
952 2559 1083 2622 oeoeudi-

124 2680 214 2721 mus:
237 2680 334 2742 neque
346 2663 439 2723 eximi
458 2662 520 2741 regi
535 2671 662 2744 poterat,
676 2662 855 2743 equioribns
865 2658 1084 2722 conditionibus

123 2756 251 2835 transigi
266 2760 407 2839 potuisse,
418 2760 444 2821 si
458 2760 551 2839 magis
563 2760 605 2821 ad
625 2780 709 2821 snam
722 2760 848 2839 gratim
858 2778 950 2841 quam
962 2756 1003 2819 ad
1015 2756 1083 2818 Ro-

125 2874 249 2915 menam
269 2856 440 2917 Archelaus
463 2858 651 2939 respexisset.
685 2857 785 2938 Igitur
810 2858 864 2919 ille
884 2877 943 2917 non
964 2857 1085 2935 ignarum

125 2953 314 3033 suspicacem
327 2956 405 3034 regis
416 2955 547 3016 animum
561 2976 598 3015 ne
611 2956 712 3017 liberis
724 2955 847 3035 quidem
860 2974 992 3036 parcere,
1012 2954 1086 3033 fuga

125 3050 257 3113 salntem
266 3051 405 3133 adeptus,
415 3052 505 3113 etiam
517 3052 662 3115 vindicari
672 3052 803 3115 volebat.
846 3053 977 3131 Quoque
990 3052 1086 3131 magis

126 3157 263 3211 moveret
285 3148 458 3223 Murenam,
474 3161 579 3233 sponte
600 3171 656 3212 sua
677 3152 750 3212 satis
765 3152 795 3211 in
813 3152 892 3212 banc
907 3148 1085 3211 &atentiam

126 3246 293 3326 proclivem
306 3255 421 3318 umbra,

169 3351 222 3404 10.
244 3343 370 3417 ‘Hac’
384 3344 491 3425 inquit,
510 3352 633 3425 ‘regum
645 3344 720 3405 fides
730 3353 786 3416 est,
803 3336 951 3404 Murena!
973 3351 1086 3424 quanto

127 3441 258 3521 quisque
272 3440 407 3521 pluribus
419 3440 516 3502 modis
529 3442 654 3520 gratiam
674 3462 775 3502 eorum
793 3440 910 3511 meruit,
922 3448 1007 3500 tanto
1020 3438 1085 3521 ple-

127 3540 491 3620 rumqueestsnspectior.
512 3537 641 3600 Amicos
651 3538 693 3600 nti
704 3558 762 3599 non
772 3536 1018 3609 caritate,sedex
1025 3535 1085 3596 nsi-

127 3636 186 3697 bns
194 3637 269 3709 suis,
278 3636 425 3716 deligunt,
435 3638 478 3699 ita
486 3636 573 3697 simul
583 3656 684 3697 eorum
692 3637 808 3710 ruinam
818 3635 907 3695 rebns
915 3631 1086 3695 suisntilem

127 3755 195 3796 esse
207 3734 408 3805 crediderunt,
422 3736 505 3811 (nere
519 3754 557 3794 an
570 3732 646 3795 laiso
667 3736 697 3794 in
714 3754 781 3793 eam
798 3731 955 3793 inciderint
971 3730 1087 3812 opinio·

128 3852 211 3903 nem,
225 3832 270 3893 nil
283 3832 386 3912 relert)
401 3832 557 3914 quominus
569 3831 779 3893 crudelissimis
790 3829 937 3911 exemplis
948 3848 1000 3889 eos
1018 3848 1087 3910 pes·

127 3932 281 4003 snmdent,
293 3929 377 3991 nullo
389 3930 499 3991 effectu
512 3932 681 3991 retinenbxr.
723 3928 785 3990 Sed
798 3948 859 4010 pree
869 3926 976 3987 ceteris
987 3944 1087 3985 eorum

128 4049 243 4111 anceps
254 4038 286 4089 et
300 4027 415 4089 lubrica
426 4036 472 4089 est
484 4028 584 4101 statim
598 4028 651 4108 qui
666 4028 780 4107 magnis
799 4023 980 4087 exercitibus
991 4020 1088 4103 prreli·

127 4128 260 4187 ciuntur.
303 4126 426 4207 Quippe
447 4126 510 4187 sive
527 4125 654 4187 feliciter
666 4126 737 4207 ipsis
749 4145 796 4185 res
812 4121 941 4193 decedit,
955 4117 1087 4188 invidia;

128 4222 200 4283 sire
219 4223 410 4305 improspere,
431 4222 647 4304 suspicionibus
668 4230 843 4283 onerantur:
872 4238 970 4301 neque
991 4214 1091 4277 dicere

129 4338 237 4399 queas,
251 4328 352 4381 utrum
372 4321 411 4381 sit
423 4320 504 4402 apnd
516 4320 582 4381 hac
594 4320 714 4399 ingenia
728 4316 932 4400 periculosius,
943 4332 1012 4396 que
1023 4312 1089 4373 rin·

130 4436 202 4477 cere
213 4418 307 4482 duces
323 4438 391 4479 suos
406 4418 522 4492 nolunt,
542 4418 647 4479 vicisse
668 4414 867 4496 indignantur.
909 4413 978 4492 Ego
994 4410 1088 4472 iortn·
