3300 5225
875 582 911 631 'l'·
935 580 1031 633 hlvn

553 724 655 785 sinent
665 725 799 806 protinus
809 724 850 786 sb
861 724 969 787 infimis
981 725 1021 787 sd
1033 744 1163 787 summos
1174 724 1330 787 trnnsilirn.
1373 724 1447 788 Hcs
1459 736 1513 789 snt

553 824 714 885 mundns
724 824 872 896 omnibus,
886 834 940 885 nut
951 822 1138 905 nbrogsndns
1149 825 1179 883 in
1190 825 1448 895 universumcsser
1460 838 1520 887 sut·

553 920 686 1002 prolecto
705 918 879 981 solvendum
902 920 1030 999 legibus,
1050 922 1103 1001 qui
1122 926 1227 981 contrn
1240 919 1295 981 bes
1307 922 1513 999 megistrntum

551 1018 754 1100 concupiscet.
796 1016 896 1078 Extra
908 1014 973 1077 hcc
987 1016 1061 1079 nihil
1074 1036 1149 1087 csse,
1163 1015 1244 1097 quod
1263 1016 1327 1078 lieri
1343 1018 1421 1081 citrs
1434 1020 1514 1097 juris

550 1125 585 1177 et
596 1117 695 1195 legum
707 1115 840 1175 omniurn
853 1114 1045 1175 abolitionem
1057 1122 1158 1193 quest.

593 1220 645 1274 49.
666 1210 769 1271 ‘Sene
782 1230 880 1292 puucn
892 1210 1032 1292 exemplo
1044 1210 1153 1272 sdduci
1166 1229 1262 1292 posse,
1283 1210 1313 1270 in
1330 1211 1441 1292 quibus
1459 1222 1514 1273 sut

551 1311 593 1369 ob
605 1328 726 1370 eorunm
739 1308 895 1388 exceperit
912 1307 1030 1389 sliquos
1046 1306 1184 1389 populus,
1198 1318 1251 1369 out
1269 1328 1321 1388 per
1339 1308 1513 1389 impruden-

552 1407 626 1467 tium
636 1404 813 1465 effectumre
828 1403 928 1485 lnpsus
940 1405 1114 1465 conniverit.
1145 1404 1206 1465 Sed
1216 1402 1334 1465 infinito
1345 1426 1409 1465 esse
1423 1405 1513 1485 plurs

552 1511 734 1564 serratorum
745 1500 862 1580 legum
884 1509 926 1573 et,
938 1504 1056 1582 quoties
1075 1501 1137 1562 tole
1155 1501 1268 1581 aliquid
1286 1510 1433 1562 tentatum
1447 1501 1513 1561 lue-

552 1600 603 1670 rit,
623 1599 743 1659 minime
763 1599 866 1679 quieto
882 1598 1005 1659 comitia
1024 1598 1124 1659 fuisse.
1167 1598 1336 1679 Nunquam
1354 1598 1446 1677 igitur
1457 1598 1512 1657 de-

552 1694 652 1765 fuisse,
674 1696 835 1777 presertim
852 1713 892 1755 ex
914 1694 1042 1774 collegio
1063 1696 1225 1767 tribunitio,
1242 1696 1293 1776 qui
1315 1694 1513 1757 immodersts

551 1792 739 1873 cupientibus
764 1792 938 1853 resisterent.
986 1790 1079 1859 Quod
1104 1793 1129 1851 si
1157 1802 1284 1872 quotuor
1304 1800 1358 1851 sut
1378 1792 1512 1872 quinque

550 1889 723 1949 consulatus
734 1897 822 1949 extre
842 1887 976 1949 ordinem
997 1888 1084 1949 dntos
1101 1908 1186 1949 suum
1203 1887 1380 1949 insererem
1392 1889 1512 1949 trahere

552 1985 657 2046 Ccsnr
668 1984 760 2055 relitz
781 1992 894 2066 quanto
908 1984 1001 2065 pluris
1014 1984 1228 2058 estimandum,
1241 1984 1322 2066 quod
1337 1985 1367 2045 in
1377 1986 1513 2045 centenis

551 2080 668 2163 nliquot
693 2080 858 2141 tribuendis
883 2080 1010 2162 populus
1035 2102 1072 2141 ne
1096 2080 1189 2143 lotum
1206 2080 1325 2163 quidem
1346 2102 1476 2161 unguem
1493 2101 1514 2142 s

552 2197 633 2239 moro
645 2187 678 2239 et
690 2178 755 2257 lege
768 2176 943 2237 recesserit?

591 2281 643 2335 60.
664 2272 763 2337 ‘Non
777 2294 810 2335 se
831 2282 1019 2335 contemnere
1037 2272 1200 2345 Crcsnrem,
1213 2273 1434 2355 honoribusque
1447 2294 1512 2335 orn-

550 2370 649 2443 nibus,
661 2389 737 2452 qnos
748 2371 778 2431 ei
790 2389 898 2451 cepere
919 2390 971 2451 per
989 2370 1071 2451 leges
1089 2371 1191 2442 licent,
1208 2369 1331 2449 dignum
1351 2358 1511 2431 srbitrsri:

549 2467 605 2529 sed
628 2488 688 2528 non
710 2467 891 2539 existimare,
914 2475 1029 2527 mntem
1050 2468 1080 2526 in
1102 2488 1139 2527 eo
1161 2468 1278 2529 virentis
1297 2466 1511 2529 excellentiam

417 2592 424 2599 ·
550 2566 695 2647 conspici,
721 2574 756 2626 ut
773 2573 893 2647 propter
912 2584 980 2625 eum
1000 2563 1173 2646 spernendo
1193 2563 1275 2643 leges
1291 2564 1361 2637 sint,
1379 2574 1411 2626 et
1429 2566 1512 2646 quod

551 2673 690 2744 negatum
702 2663 742 2724 sit
752 2663 900 2734 omnibus,
914 2664 966 2722 uni
976 2661 1175 2723 tribuendum.
1219 2661 1299 2722 Setis
1312 2671 1428 2722 mecine
1437 2683 1512 2724 con·

550 2761 645 2821 srrlem
663 2781 732 2822 enm
751 2759 894 2832 tuburum,
912 2759 964 2820 ubi
982 2761 1061 2821 bunc
1079 2760 1219 2821 honorem
1231 2759 1370 2820 hebuerit
1384 2760 1511 2841 populo,

552 2867 587 2918 nt
599 2867 703 2918 contrn
715 2859 781 2938 ejus
794 2856 979 2917 voluntntem
993 2856 1107 2935 legibus
1118 2855 1299 2916 declnrntnm
1314 2857 1450 2938 petitioni
1464 2858 1511 2917 in-

546 2956 639 3032 justae
651 2953 770 3014 desinet
781 2953 926 3014 insistere.
962 2951 995 3012 Si
1006 2953 1097 3014 semel
1110 2952 1167 3013 hoc
1182 2953 1237 3013 iter
1250 2953 1400 3033 operietur
1412 2953 1510 3014 homi-

551 3051 650 3120 nibus,
671 3067 775 3109 omnes
793 3050 928 3130 protinus
951 3049 990 3109 nd
1007 3067 1135 3109 summos
1152 3049 1276 3110 honores
1291 3049 1510 3131 provolutum,

552 3147 721 3228 priusquam
735 3146 847 3229 populo
861 3145 1003 3208 Romano
1015 3147 1163 3228 specimen
1176 3145 1270 3206 ullum
1281 3147 1372 3208 enimi
1381 3147 1428 3207 sui
1437 3167 1511 3208 con-

550 3243 668 3323 sillique
694 3243 833 3322 gerundis
857 3241 1042 3302 inferioribus
1068 3244 1271 3324 praebuissent.
1324 3243 1510 3304 Consulibus

550 3359 693 3400 summum
714 3359 811 3399 rerum
831 3339 979 3420 permitti:
1001 3339 1033 3400 id
1052 3340 1129 3400 odeo
1149 3339 1261 3400 lechum
1280 3339 1317 3400 iri
1334 3349 1457 3408 temere,
1485 3341 1511 3400 si

550 3456 681 3496 summus
702 3434 805 3517 populi
828 3435 961 3496 Romani
981 3437 1181 3514 magistratus,
1208 3457 1267 3498 nou
1292 3435 1420 3516 amplius
1441 3436 1509 3496 cul-

550 3553 617 3593 men
630 3533 784 3603 bonorum,
805 3541 837 3593 et
855 3541 1015 3613 perspecte
1029 3533 1145 3593 virtutis
1163 3533 1314 3614 proemium
1327 3533 1377 3604 sit,
1390 3532 1444 3592 sed
1458 3553 1510 3612 ge-

549 3629 650 3690 rendae
663 3627 835 3709 reipublice
847 3629 1016 3688 tirocinium
1030 3627 1092 3689 fist.

590 3731 643 3786 61.
664 3725 765 3786 ‘Sene
786 3723 900 3784 cesari
922 3723 1024 3785 sdesse
1046 3723 1243 3796 nobilitatem,
1262 3722 1446 3794 fecundism,
1464 3724 1508 3784 in·

548 3821 703 3885 dustrinm.
746 3820 808 3882 Sed
834 3821 943 3882 multos
967 3841 1030 3882 esse
1053 3823 1083 3881 in
1110 3823 1182 3884 urbe
1208 3821 1381 3902 futurosque
1399 3841 1507 3902 pnroe:

550 3918 650 4001 plures
662 3920 764 3990 etiarn,
783 3918 893 3998 quibus
910 3917 935 3976 si
953 3936 1011 3977 non
1031 3921 1166 3978 meritum
1183 3917 1272 3989 idem,
1287 3927 1387 3978 tomen
1399 3916 1508 3978 eedem

549 4014 700 4097 cupiditas
721 4015 802 4075 insit.
844 4015 908 4080 Qui
929 4023 961 4074 et
981 4013 1038 4095 ipsi
1055 4025 1198 4096 tanquam
1216 4015 1352 4075 debitum
1370 4016 1508 4074 exacturi

549 4113 620 4182 sint,
633 4110 714 4192 quod
731 4111 870 4190 cuiquam
891 4108 981 4170 luerit
995 4112 1150 4184 tributum,
1168 4133 1187 4172 n
1204 4130 1264 4192 quo
1275 4132 1307 4171 se
1330 4131 1389 4170 non
1402 4111 1508 4171 existi-

549 4217 633 4270 ment
643 4207 814 4268 notabiliter
826 4209 967 4288 supernri.
1008 4208 1109 4276 Quem
1119 4229 1190 4270 vero
1207 4207 1244 4268 C.
1260 4207 1374 4268 cmi
1386 4227 1507 4268 conces-

548 4325 650 4366 surum
667 4305 745 4365 benc
763 4305 880 4364 virtutis
898 4303 1109 4385 dignitatisque
1127 4305 1270 4386 pnlmsm,
1292 4323 1361 4365 curn
1381 4324 1450 4364 enm
1467 4305 1506 4364 (l.

551 4399 655 4462 (ἔω
666 4400 810 4476 Valeriis,
822 4409 853 4462 et
867 4399 1068 4482 Scipionibus,
1082 4412 1113 4462 et
1133 4403 1231 4464 sexies
1252 4399 1366 4463 consuli
1381 4398 1421 4463 Ο.
1439 4399 1509 4460 Mn·
