3300 5225
369 573 471 623 ursei
495 571 676 624 cxxxrn.
700 535 1027 632 sursnnsrnnrun.

141 723 218 776 rant.
261 712 419 796 Quotquot
432 684 531 774 autem
544 713 723 794 priuatorum
735 707 938 784 civitatumve,
950 702 1096 793 regiorum

141 814 272 894 partium
295 813 385 893 penio
406 807 570 894 cupididres
589 812 678 872 fuisse
698 813 884 883 dicebantur,
909 831 970 893 prae
992 815 1117 889 ceteris⁸

142 925 249 988 gram
261 911 387 972 mulctas
398 909 587 992 pendebant:
610 911 731 991 Ephesii
753 919 821 970 anto
838 930 950 982 omnes,
973 926 1099 991 qnorum

143 1009 294 1090 praecipue
305 1009 427 1068 vannis
440 1027 476 1067 eo
489 1017 669 1088 proruperat,
689 1016 723 1067 ut
741 1009 833 1068 etium
846 1007 971 1067 donaria
983 1006 1100 1069 Romn-

144 1123 249 1164 norum
267 1125 333 1164 curn
347 1104 476 1166 ludibrio
488 1105 606 1187 templis
619 1105 814 1166 detraherent.

187 1207 239 1262 88.
261 1201 430 1273 Postremo,
444 1201 538 1262 missis
551 1203 662 1262 circum
676 1201 801 1283 populos
812 1200 1101 1283 Asiaeprasconibun

147 1297 300 1378 Ephesum
320 1299 477 1360 convenire
486 1299 562 1378 jussi
576 1306 644 1359 sunt
661 1299 818 1380 principes.
860 1297 916 1358 Ad
933 1317 1007 1388 quos
1019 1319 1037 1358 e
1049 1300 1102 1358 tri·

145 1393 256 1476 hunali'
266 1393 354 1476 Sylla
375 1394 467 1456 taleni
493 1395 654 1456 orationem
677 1395 799 1455 hahuit:
822 1393 948 1454 ‘Prima
970 1394 1103 1454 Romani

145 1490 232 1568 signa
254 1491 284 1550 in
309 1490 415 1551 Asiam
436 1512 474 1553 es
495 1499 670 1573 tempestate
691 1491 853 1564 intulimus,
880 1511 941 1573 que
958 1509 1012 1552 vos
1034 1491 1102 1550 An·

146 1586 266 1646 tiochus
279 1586 374 1668 Syriae
387 1603 440 1648 rex
460 1591 583 1650 scerbur
595 1589 696 1660 hostis,
719 1598 772 1649 aut
789 1589 889 1668 gravis
906 1588 1042 1648 dominus
1052 1603 1103 1647 nr·

146 1682 249 1761 gebat.
292 1683 365 1745 Hoc
378 1684 457 1746 ultre
470 1683 578 1765 Halyn
588 1695 620 1746 et
630 1684 762 1746 'l'nnrum
775 1694 895 1757 exacto,
908 1705 966 1745 uon
979 1694 1013 1744 ut
1021 1683 1108 1743 hello'

147 1780 291 1859 quesitus
303 1782 425 1862 imperio
440 1790 538 1843 nostro
552 1782 744 1863 subjecimus,
762 1781 814 1842 sed
835 1781 1009 1842 libertatem·
1019 1775 1108 1840 dede·

147 1894 215 1934 murs
227 1877 382 1938 omnibns:
397 1879 453 1938 nisi
466 1898 540 1958 quos
552 1877 679 1938 Eumeni
695 1877 896 1959 Rhodiisque,
910 1877 982 1938 belli
992 1895 1029 1937 ac
1041 1877 1106 1937 sio-

146 1971 236 2030 torise
250 1974 348 2044 sociis,
362 1975 485 2034 clientes
501 1976 596 2053 magis
609 1995 698 2054 quam
708 1976 880 2036 tributarios
891 1975 1105 2035 concessimus:

148 2065 235 2146 quod
261 2068 379 2149 quidem
404 2069 560 2130 manifesto
585 2073 684 2132 statim
711 2073 859 2153 apparuit,
890 2091 959 2131 cum
986 2071 1106 2151 Lycios,

149 2173 261 2242 praeter
275 2175 373 2228 nostm
381 2165 502 2227 decreta
514 2168 606 2248 premi
616 2178 746 2246 questos,
756 2167 880 2249 imperio
890 2164 1106 2228 Rhodiensium

149 2277 328 2323 exemimus.

1168 554 1253 620 4651

164 2384 167 2388 ·
197 2360 249 2416 89.
271 2357 361 2418 ‘Tali
382 2377 453 2437 erga
469 2379 524 2418 vos
538 2356 757 2442 enimofuimus
775 2355 928 2420 Romani:
948 2360 998 2421 cui
1017 2379 1107 2440 quarn
1186 2341 1190 2348 ¹

153 2456 282 2536 gretiam
305 2455 461 2514 retuleritis
478 2474 640 2535 quererem
657 2475 676 2514 e
692 2455 786 2526 vobis,
805 2457 861 2516 nisi
873 2458 937 2534 jam
951 2466 1022 2516 ante
1037 2466 1109 2516 notu

152 2555 221 2615 haec
239 2551 376 2612 omnibus
388 2560 494 2613 essent.
536 2551 614 2613 Cum
633 2553 711 2613 enim
737 2551 859 2613 Attalus
868 2562 1044 2614 testamento
1056 2573 1111 2613 nos

154 2651 291 2712 haeredes
314 2649 488 2729 reliquisset,
520 2649 692 2711 Aristonico
721 2650 887 2711 uindicanti
916 2671 1036 2729 regnum
1057 2670 1111 2731 per

155 2746 387 2829 quadriennium
403 2744 586 2807 adhesistis:
608 2746 702 2807 donec
722 2756 754 2806 et
772 2746 823 2805 ille
836 2756 1001 2828 caperetur,
1013 2756 1046 2807 et
1056 2767 1111 2806 vos

157 2845 199 2905 sd
210 2852 375 2920 extremum
384 2841 538 2903 discrimen
554 2852 642 2923 etque
657 2853 766 2903 metum
776 2842 1006 2907 adduceremini.
1028 2842 1111 2902 Nos-

156 2952 206 3001 trs
219 2950 318 3000 tamen
333 2937 517 3018 indulgentie
529 2948 700 3020 recuperata
715 2960 800 3021 pace,
822 2940 986 3021 opibusque
1004 2938 1112 3000 multo·
1174 2962 1179 2971 ·

156 3056 226 3097 rum
237 3056 379 3096 annornm
392 3036 553 3117 tranquille
566 3031 744 3117 possessione
754 3038 860 3108 auctis,
870 3037 968 3097 denuo
979 3038 1113 3098 sustulis-

160 3138 203 3195 tis
215 3135 341 3204 animos,
354 3142 396 3205 et,
410 3134 566 3195 observato
579 3134 758 3217 iniquissimo
772 3144 872 3195 nostro
884 3143 1026 3215 tempore,
1039 3137 1117 3195 inter

162 3232 293 3293 Italicos
304 3230 459 3303 tumultus,
479 3230 531 3292 alii
548 3233 667 3312 quidem
686 3234 815 3295 vocastis
833 3231 1051 3304 Mithridatem,
1063 3232 1117 3291 olii

163 3329 332 3391 accessistis
344 3329 482 3389 venienti.
837 3380 842 3387 .
1074 3328 1077 3333 ’

202 3432 255 3487 40.
278 3423 392 3493 ‘Quod
405 3434 504 3486 autem
517 3444 603 3486 omne
621 3425 811 3487 immanitatis
831 3424 998 3507 exemplum
1016 3444 1116 3507 super-

163 3522 308 3603 greditur,
321 3520 417 3581 Italos
427 3542 539 3593 omnes,
550 3542 608 3583 non
621 3542 719 3593 sexus,
733 3542 792 3583 non
806 3524 901 3584 aetatis
912 3524 1045 3595 miseriti,
1059 3541 1119 3582 une

162 3608 375 3680 dic'trucidare
387 3618 581 3705 sustinuistis:
602 3638 640 3678 ne
652 3628 813 3680 vestrorum
827 3620 947 3701 quidem
967 3621 1119 3680 numinum

164 3716 331 3777 reverentie
342 3713 486 3787 deterriti,
499 3715 569 3796 quin
584 3714 655 3795 ipsis
667 3718 697 3776 in
710 3715 886 3798 templorum
898 3715 997 3797 udytis
1008 3716 1120 3797 suppli-

166 3832 216 3873 ces
235 3830 341 3871 eornm
359 3810 542 3872 occideretis.
584 3810 627 3871 Et
646 3813 712 3881 heo
731 3812 844 3873 lecistis
864 3814 895 3873 in
911 3814 1035 3892 gretiam
1055 3814 1123 3892 ejus
1242 3852 1248 3864 .

168 3907 366 3981 Mithridatis,
384 3908 437 3987 qui
452 3928 507 3969 uos
521 3907 628 3970 deinde
651 3908 791 3970 continno
812 3909 945 3970 caedibus
964 3919 996 3968 et
1011 3908 1124 3989 rapinis

168 4006 326 4075 exhausit;
349 4025 435 4084 egros
456 4014 568 4065 vestros
586 4004 710 4075 divisitz
750 4006 934 4067 debitoribus
952 4006 1056 4065 vestris
1081 4024 1123 4063 oes

171 4102 303 4177 alienum
316 4102 446 4171 remisitt
468 4102 590 4163 seruitia
611 4102 769 4173 liberauit3
791 4102 893 4163 multis
908 4110 1049 4183 tyrannos
1065 4101 1121 4166 im·

169 4199 289 4279 posuitz
310 4217 411 4258 omnes
422 4198 534 4278 objecit
546 4199 719 4283 predonum
736 4210 827 4281 etque
848 4200 1009 4281 piratarum
1027 4197 1123 4257 incur-

169 4293 320 4355 sio‘nibus:
332 4304 375 4379 ¹¹ut
386 4297 453 4373 jsrn
475 4294 542 4361 inde
561 4295 673 4357 discere
685 4298 818 4378 possetis,
832 4295 936 4378 quales
951 4294 1039 4357 amici
1050 4313 1124 4374 qua·

170 4389 250 4452 libus
262 4399 360 4451 essem
371 4398 469 4451 raho
476 4390 593 4471 judicio
606 4394 772 4475 antepositi.
