3300 5225
410 569 513 617 ιιιιιιι
537 535 601 622 irc.
625 569 949 623 surrnnirnnrou.
1144 557 1232 625 4725

125 709 247 784 Catulo,
264 710 404 772 bonorem
420 711 450 771 ei
469 712 573 772 baberi
592 713 722 785 volebat,
737 722 770 774 ut
791 714 821 774 in
839 735 945 796 campo
959 714 1211 781 Manium-Eris

122 807 314 889 sepeliretur.
337 807 466 889 Lepidus
482 810 625 890 multique
645 831 712 870 cnm
728 832 765 872 eo
783 811 837 872 alii
853 813 1007 894 praefracte
1024 834 1071 874 re·
1082 813 1190 878 Appen.

123 905 306 984 pugnabant.
338 905 389 966 Ibi
403 927 541 984 generose
555 927 653 968 animo
664 929 717 968 suo
731 908 1167 1024 Pompeius·1mpemvit,PP¹ua

122 1009 162 1071 et,
181 1021 352 1082 quanquam
374 1001 469 1084 Syllae
493 1011 679 1076 testamento,
700 1017 768 1066 cum
792 1007 844 1067 ille
862 1005 963 1085 legata
982 1007 1072 1071 relin-
1101 1041 1131 1088 Pl
1083 975 1235 1089 Ροωξζιῗὲ

123 1107 239 1178 queret,
255 1099 412 1180 liberisque
433 1109 544 1161 tutores
561 1100 655 1172 deret,
674 1111 751 1164 esset
766 1103 946 1212 praeteribis,
964 1105 1142 1218 Wtim‘p&

123 1196 231 1272 gratia,
255 1195 364 1277 partim
381 1198 528 1278 precibus,
547 1199 665 1258 interim
683 1207 715 1260 et
734 1199 821 1258 minis
841 1200 999 1260 summovit
1017 1201 1072 1260 ob·
1083 1169 1235 1299 ἔιδᾞι·

122 1301 235 1352 stantes
237 1292 400 1374 ,funusque
411 1294 542 1356 Romam
555 1301 724 1377 prosecutus
736 1297 871 1377 exequiis
882 1297 1072 1358 securitatem

122 1387 274 1472 decusque
293 1392 438 1470 prestitit

162 1491 195 1544 6.
218 1484 303 1547 Ordo
316 1506 431 1568 pompae
443 1489 491 1548 bie
505 1487 573 1549 fuit.
614 1488 719 1550 Aureo
732 1489 810 1551 lecto
822 1511 930 1571 corpus
939 1489 1073 1551 defuncti
1084 1496 1193 1563 Appias.

124 1602 176 1662 per
189 1581 314 1644 Italiam
327 1585 356 1644 in
371 1586 473 1645 urbem
487 1589 567 1666 regio
580 1607 696 1668 prorsus
708 1585 788 1648 fastu
801 1587 959 1648 ferebatur.
988 1586 1074 1647 Tibi·

123 1680 223 1740 cinum
234 1689 366 1754 caterva,
379 1683 562 1763 equitesque,
568 1695 599 1742 et
606 1685 704 1763 gravis
714 1693 864 1744 armatura
873 1684 1075 1764 frequentibus

124 1776 279 1839 ordinibus
291 1780 487 1859 sequebatur:
502 1782 669 1860 pariterque
680 1782 710 1842 in
724 1781 838 1852 itinere,
847 1782 899 1862 qui
909 1781 999 1860 legati
1010 1782 1076 1860 ejus

124 1873 163 1934 ad
181 1877 346 1936 exercitum
363 1876 490 1949 fuerant,
504 1898 571 1938 cum
590 1880 679 1938 armis
695 1887 892 1950 accurrentes,
904 1878 1075 1958 utquisque

124 1972 299 2046 advenerat,
308 1974 404 2035 locum
417 1995 501 2034 suum
514 1975 663 2056 capiebat.
686 1975 763 2036 Alia
772 1995 891 2056 quoque
905 1973 1075 2046 multitudo,

124 2079 239 2150 quanta
259 2072 312 2133 rix
335 2091 463 2152 unquam
483 2072 548 2133 ulla
569 2072 607 2134 de
627 2093 728 2143 cause,
744 2071 877 2152 undique
895 2072 1075 2134 continebat.

124 2165 262 2246 Insignis
278 2170 464 2248 magistratus
482 2178 514 2230 et
532 2189 658 2242 secures,
673 2178 706 2230 ut
726 2191 818 2251 nuper
834 2168 984 2240 dictatori,
1001 2189 1076 2251 prae·

124 2263 306 2326 ferebantur.
349 2265 422 2328 Hoc
433 2267 535 2328 ordine
548 2268 578 2326 in
592 2267 706 2327 Urbem
720 2267 866 2348 perlatum
879 2267 1008 2328 cadaver
1020 2274 1075 2327 cst.

125 2362 190 2424 Sed
216 2384 285 2424 cum
311 2365 350 2425 ad
375 2385 476 2444 rogum
506 2365 669 2437 efferretur,
698 2365 784 2444 longe
810 2366 906 2445 major
931 2363 1076 2442 longeque

125 2455 310 2541 splendidior
322 2471 480 2542 apparatus
492 2461 565 2522 suit:
587 2481 760 2542 coronaeque
779 2481 887 2534 aureae,
907 2459 988 2520 dona
1003 2459 1076 2518 civi-

124 2565 233 2631 tatum,
253 2557 446 2638 legionumve,
465 2568 518 2621 aut
536 2561 708 2631 amicorum,
728 2559 886 2641 plusquam
901 2555 963 2618 duo
979 2555 1076 2617 millia

125 2657 346 2737 spectabantur.
391 2656 518 2739 Corpus,
539 2678 598 2739 quo
618 2676 766 2718 sacrorum
786 2658 880 2717 honor
901 2675 1076 2717 concurren-

124 2756 200 2815 tium
215 2753 341 2814 militum
355 2754 504 2815 licentiam
514 2754 661 2826 fraenaret,
675 2755 774 2814 omnia
786 2752 972 2814 secerdotum
984 2750 1077 2811 colle·
1130 2818 1133 2823 ,

125 2852 176 2929 gia
190 2850 388 2931 Vestalesque
398 2852 547 2912 comitatae
559 2860 645 2912 sunt:
666 2859 730 2911 tum
743 2858 861 2912 senatus
872 2851 1036 2919 universus,
1047 2855 1079 2907 et

125 2968 195 3007 cum
210 2948 371 3027 insignibus
383 2948 442 3008 suis
454 2949 651 3027 magistratus.
685 2946 764 3008 Mox
776 2946 908 3028 equitum
922 2944 1077 3005 Romano-

76 3108 77 3119 q
126 3064 192 3103 rum
206 3052 324 3123 agmen,
337 3053 368 3105 et
379 3044 473 3105 omnis
485 3045 537 3125 qui
549 3044 603 3103 sub
621 3064 657 3103 eo
675 3052 822 3104 meruerat
837 3042 987 3103 exercitus
1002 3039 1077 3118 (sin-

126 3139 190 3219 guli
213 3140 293 3200 enim
313 3148 347 3199 ut
368 3150 473 3221 praesto
493 3140 590 3201 forent
610 3142 854 3221 properaverant)
876 3159 944 3199 cum
966 3136 1079 3197 auratis

127 3236 229 3317 signis,
243 3236 374 3297 sturmis
386 3237 556 3316 argentatis,
569 3256 629 3316 quo
643 3244 748 3297 ornatu
761 3256 823 3295 we
836 3235 977 3315 deinceps
988 3237 1078 3298 etism

127 3334 158 3393 in
173 3334 290 3414 pompis
302 3340 534 3394 consueverunt·
574 3332 659 3393 Inter
678 3332 732 3393 bos
752 3332 843 3394 variis
862 3331 935 3393 locis
955 3350 1080 3411 magnus

126 3430 284 3491 tibicinum
298 3431 421 3489 insertus
437 3450 573 3491 numerus
593 3429 715 3509 lugubre
728 3428 871 3509 quiddam
891 3429 1078 3491 concinebat.

128 3525 233 3587 Voces
257 3524 365 3586 deinde
389 3525 558 3586 honorificae
585 3546 639 3607 per
664 3526 780 3587 ordines
802 3524 978 3585 acclamata·
1000 3532 1078 3585 sunt.

130 3622 330 3704 Incipientem
342 3630 476 3682 senatum
488 3642 588 3703 eques,
602 3623 731 3704 equitem
744 3620 830 3703 plebs
842 3620 1022 3700 excipiebat

168 3726 201 3784 ’1.
224 3718 286 3780 Sed
300 3716 450 3779 nunidem
467 3720 602 3779 omnibus
620 3721 650 3779 in
668 3720 732 3800 pari
751 3716 958 3779 testificatione
973 3716 1079 3777 volun-

128 3818 202 3877 tatis
222 3817 338 3875 animus
358 3823 433 3877 erat.
473 3816 552 3877 Pars
572 3836 640 3877 rere
660 3813 790 3875 deflebat
809 3814 968 3873 amissum:
988 3811 1080 3872 ceteri
1206 3886 1212 3897 Ι

130 3912 323 3992 Syllanorum
336 3918 494 3993 praesentes
505 3913 619 3993 copias,
634 3920 665 3972 et
677 3912 773 3991 ipsum
788 3908 898 3981 adbuc,
910 3926 1081 3990 quanquam

130 4012 195 4071 vita
225 4010 342 4081 orbum,
366 4008 546 4069 metuebant.
587 4006 652 4067 Pro
673 4007 772 4067 rostris
803 4004 949 4067 cadavere
971 4002 1080 4084 posito,

165 4226 469 4285 ‘memaesrsdes'sr
517 4224 590 4279 ιιίειι
623 4222 812 4276 serrsteodam
830 4221 880 4273 boc
896 4223 990 4271 ornata
1001 4218 1081 4268 enam

130 4292 448 4357 ispempisoomsomnt]
494 4306 531 4342 aro
544 4306 591 4356 pu·
623 4305 671 4341 suo
690 4303 749 4341 cro
767 4288 794 4337 ιιι
811 4286 912 4351 pompis
928 4284 1024 4337 milites
1040 4282 1081 4333 uti

133 4362 358 4418 rumclrnsout,
369 4370 445 4407 neus
432 4356 497 4406 satis
515 4371 591 4407 sectr·
625 4356 795 4407 solitosssse.
816 4352 887 4403 Crev

135 4433 240 4474 ratres
253 4391 374 4487 Appiaria
390 4436 474 4487 rerer,
491 4422 591 4487 qutob·
