3300 5225
400 554 488 623 4748
684 568 789 620 urnnr
815 570 896 620 xcr.
914 568 1244 620 surranunuruu.

401 724 455 776 Lis.
467 738 499 777 u.
510 726 553 779 at.
566 712 760 793 temporibus,
774 711 886 779 educta
897 714 928 775 in
941 710 1067 773 Sacmm
1081 710 1219 773 Mentem
1231 708 1331 793 plebe,
1344 711 1518 793 nuciotpris

566 806 697 869 Sicinius
708 808 834 871 dederit.
876 808 949 870 Nisi
961 818 1061 872 tamen
1073 809 1123 870 bic
1134 818 1219 871 anto
1228 817 1274 869 eat
1284 808 1425 881 detmior,
1438 810 1519 890 quod

565 928 623 970 non
639 917 797 981 conteutus
810 910 880 988 jure
898 908 1062 980 tribunitio,
1074 917 1221 989 quamam
1233 907 1391 969 tolerabile
1400 895 1518 968 civitati

563 1016 595 1067 et
607 1006 719 1089 populo
731 1006 863 1068 salutare
880 1015 937 1078 est,
950 1004 1040 1088 quale
1052 1008 1182 1086 majores
1195 1006 1286 1067 vestrl
1300 1006 1389 1067 unice
1400 1004 1518 1067 deside·

562 1112 676 1177 rerunt,
701 1104 854 1166 licentiam
878 1104 937 1164 sibi
958 1103 1101 1165 mscsudi
1121 1105 1235 1175 omnia,
1252 1112 1286 1163 et
1305 1102 1518 1183 rempublicam

562 1203 706 1266 arbitratu
720 1222 773 1263 auo
787 1202 895 1282 agendi
906 1202 1172 1284 ferendipostulat.

535 1342 539 1351 ·
604 1306 654 1361 31.
677 1310 685 1335 ‘
701 1300 816 1361 Annon
830 1302 903 1361 satis
914 1299 1003 1360 modo
1014 1320 1164 1380 poensrnm
1177 1298 1323 1370 dedimus,
1333 1298 1415 1379 quod
1425 1299 1518 1359 bomi-

562 1396 650 1457 nibus
662 1396 851 1469 turbulentis,
864 1397 1044 1468 ambitiosis,
1054 1396 1229 1467 audacibus,
1237 1395 1337 1456 stultis
1346 1394 1519 1457 adolcaoen·

496 1514 499 1528 ·
562 1493 653 1563 tibus,
666 1494 810 1574 populum
822 1514 884 1574 quo
895 1493 1010 1555 vellent
1021 1492 1155 1573 agimndi
1163 1500 1444 1573 concesaapctestaa
1454 1491 1520 1552 esti

565 1588 656 1673 Unde
673 1592 753 1651 enim
774 1590 962 1653 Gracchana
984 1591 1225 1673 Apuleiauaque
1244 1590 1419 1659 seditiones;
1441 1588 1520 1651 unde

563 1706 633 1747 mox
647 1687 803 1748 Marianus
815 1687 1026 1768 Cinnauusqne
1035 1687 1127 1760 furor,
1140 1689 1195 1747 aisi
1206 1707 1245 1748 er
1258 1687 1422 1747 tribunitiis
1432 1708 1519 1766 roga-

563 1783 713 1843 tionibual
734 1784 808 1845 Hoc
829 1786 919 1864 igitur
940 1785 1034 1845 andes
1050 1784 1162 1856 dicere,
1181 1783 1297 1844 Sicini?
1316 1782 1424 1843 Talem
1447 1784 1522 1843 mini

564 1885 742 1956 potestatem
759 1876 899 1958 deposco,
913 1878 1032 1958 qualem
1052 1876 1222 1958 Sempronii
1241 1876 1454 1958 Saturninique
1466 1878 1521 1937 ba-

563 1973 705 2035 buerunt:
726 1994 782 2054 ego
795 1975 1009 2056 rempublicam
1019 1976 1198 2036 constitum
1207 1973 1337 2043 scilicet:
1358 1994 1416 2054 ego
1428 1974 1522 2053 leges,

562 2071 670 2149 quibus
682 2070 841 2144 obediatis,
856 2072 959 2133 leram
1002 2071 1116 2132 Infelix
1135 2091 1246 2143 sacrm,
1260 2081 1293 2132 tu
1314 2071 1371 2132 isto
1392 2081 1446 2132 tuo
1466 2072 1523 2131 im-

562 2168 685 2249 pudenti
698 2190 749 2229 cre
761 2166 907 2248 flagitium
920 2167 982 2229 'tale
991 2169 1121 2250 proferre
1132 2169 1233 2229 anabi
1252 2168 1321 2229 Tua
1332 2169 1391 2229 iata
1399 2168 1525 2249 insignia

563 2275 596 2327 ct
608 2264 778 2347 prodigiosa
792 2266 931 2338 stultitia,
944 2274 999 2327 tua
1011 2266 1194 2346 improbitas,
1218 2274 1279 2325 ma
1301 2264 1364 2325 illae
1375 2264 1479 2326 sordes
1492 2268 1523 2325 ia

562 2362 622 2426 hac
634 2382 665 2423 se
678 2361 832 2443 republica
836 2364 999 2441 jactabunt
1009 2362 1018 2422 l
1041 2363 1090 2424 At
1098 2383 1153 2423 noa
1164 2363 1269 2423 meritc
1278 2372 1380 2424 nostro
1388 2364 1524 2435 misaca

563 2461 681 2521 sinunc
695 2459 840 2520 Sicinium
853 2460 980 2521 feremur
993 2480 1104 2539 regem,
1118 2458 1170 2541 qui
1188 2480 1281 2541 nuper
1292 2459 1453 2521 AEmilinm
1464 2482 1525 2522 non

564 2556 696 2620 ttulimus
738 2555 865 2618 Scilicet
883 2557 1060 2638 apparebat,
1081 2576 1173 2638 quam
1191 2555 1299 2619 efficax
1320 2556 1360 2618 ad
1376 2558 1524 2620 subruen-

564 2653 635 2716 dam
648 2655 863 2737 rempublicam
879 2656 1036 2716 cuniculus
1047 2653 1238 2727 effoderetur,
1250 2657 1288 2727 si,
1308 2655 1389 2736 qnod
1402 2653 1458 2716 ille
1469 2657 1525 2716 snb

565 2752 689 2812 honesta
701 2753 800 2834 specie
813 2753 946 2833 petebat,
960 2753 1043 2832 leges
1059 2751 1166 2835 Sylla,
1180 2752 1299 2834 quibus,
1313 2763 1461 2833 tanquam
1473 2752 1524 2813 fir·

564 2848 694 2922 unissime
715 2848 836 2910 vinculo
852 2848 1014 2910 concordie
1029 2859 1182 2930 statusque
1197 2849 1328 2910 civitatis
1347 2849 1438 2928 bujua
1452 2869 1523 2910 can·

566 2946 687 3017 licetur,
701 2945 935 3024 abrogarentur?

419 3039 548 3092 cicltmt.
606 3047 656 3102 32.
680 3041 761 3113 Haec
774 3051 866 3121 atque
878 3042 954 3102 talia
966 3040 1154 3102 dictitantem
1175 3061 1234 3101 non
1251 3049 1314 3100 tam
1325 3042 1462 3103 oratione
1476 3042 1523 3103 Si·

402 3112 478 3158 ⁰·⁶⁰·
566 3138 672 3209 einins,
687 3159 777 3218 quam
790 3139 1012 3200 ermonense
1025 3139 1160 3219 improba
1177 3136 1338 3198 damian
1354 3137 1521 3200 assueto

567 3235 643 3295 Erat
655 3236 733 3295 euim
746 3236 836 3295 bomo
848 3255 992 3316 perquam
1005 3235 1165 3304 ridiculus3
1187 3243 1220 3296 et
1227 3233 1388 3296 scurriliter
1395 3235 1522 3307 metue,

566 3352 668 3392 omnes
679 3333 809 3394 civitatis
823 3333 970 3415 paucipes
982 3353 1019 3393 ac
1031 3333 1220 3411 magistratus
1231 3333 1386 3411 exagitare
1398 3353 1522 3394 consue·

408 3435 554 3485 Pluacrsas·
566 3438 662 3490 verat.
692 3429 936 3510 Memoraturque
949 3450 968 3512 a
980 3428 1045 3489 solo
1059 3427 1106 3488 M.
1121 3429 1231 3490 Crasso
1243 3428 1443 3510 petulantiam
1455 3430 1523 3489 aba·

402 3517 425 3551 ⁰·
438 3506 478 3551 ¹³·
567 3528 706 3595 tinuisse;
729 3526 989 3606 interrogantibus,
1003 3546 1056 3586 cur
1068 3525 1123 3586 soli
1141 3526 1273 3585 omnium
1283 3526 1354 3586 huic
1369 3535 1522 3607 parceret;

566 3623 742 3704 respondere
751 3623 867 3695 solitus,
882 3631 892 3659 ‘
905 3621 1016 3684 imnum
1027 3623 1057 3683 in
1069 3643 1161 3684 cornu
1175 3623 1306 3682 babere!
1347 3621 1411 3683 Sed
1424 3643 1446 3684 a
1457 3622 1523 3682 Cu·

566 3719 648 3780 done
671 3720 792 3780 minime
811 3721 1009 3801 temperabat,
1027 3720 1101 3799 quin
1121 3729 1153 3778 ct
1168 3718 1207 3780 de
1225 3717 1380 3799 republica
1399 3739 1469 3779 cunr
1487 3739 1524 3780 ea

421 3815 511 3894 ctam
565 3816 757 3878 contenderet
770 3817 897 3886 acriter;
919 3825 951 3876 et
970 3817 1178 3877 inconcinnum
1193 3815 1325 3876 consulis
1345 3815 1376 3874 in
1395 3815 1525 3876 dicendo

404 3881 553 3998 Qlifflf'
567 3923 678 3974 motum
701 3911 790 3975 dictis
809 3913 986 3995 procacibus
1002 3911 1154 3982 irrideret:
1175 3922 1208 3973 et
1224 3931 1349 3993 corpore
1362 3931 1400 3972 ac
1421 3911 1526 3992 lingua

349 4007 352 4013 ’
403 4015 445 4061 1²·
453 4019 480 4059 et
489 4010 546 4060 Val·
566 4011 723 4091 percitum,
736 4018 768 4070 et
780 4010 955 4090 inquietum,
969 4009 1086 4070 nomine
1099 4008 1246 4070 histrionia
1257 4009 1311 4069 vix
1322 4010 1388 4070 sani
1402 4007 1526 4070 Burbu·

403 4076 547 4190 mgb,
566 4106 657 4167 leium
670 4107 846 4188 appellaret.
887 4106 984 4186 Igitur
996 4126 1066 4168 cum
1079 4107 1109 4166 in
1121 4107 1295 4185 magistratu
1307 4115 1386 4167 esset
1396 4107 1527 4179 occisus,

405 4205 472 4254 Hist.
481 4219 512 4255 1¹·
522 4207 547 4254 ⁶·
567 4224 657 4284 penes
668 4203 827 4266 Curionem
839 4205 953 4266 invidia
962 4205 1060 4266 necati
1073 4203 1147 4264 luit:
1168 4205 1396 4284 tribunatusque
1404 4203 1527 4265 deside·

406 4269 557 4387 ,fif-,iffi
570 4302 656 4372 rium,
669 4301 817 4384 paulisper
831 4323 994 4384 repressum
1010 4323 1047 4362 eo
1059 4301 1191 4362 facinore
1213 4301 1294 4382 apud
1316 4300 1436 4382 plebem
1456 4301 1526 4362 Ro-

405 4400 493 4450 Macri.
569 4417 698 4471 mnam,
712 4421 769 4462 non
782 4400 878 4462 multo
889 4411 956 4482 post
965 4401 1182 4462 vehementiore
1195 4400 1261 4495 uisu
1271 4400 1380 4481 erupit
