3300 5225
374 544 478 595 araur
506 542 682 595 cxxxix.
705 543 1034 595 rornuarruururr.
1171 526 1259 595 ⁴711

140 688 241 770 pondo
264 696 382 749 centum
403 696 435 749 et
455 688 626 769 quindecim
650 687 767 757 millia:¹
795 688 935 771 postridie
956 687 1099 751 tredecim

140 786 237 846 miliia
251 784 349 866 pondo
362 784 437 857 auri,
452 804 518 866 quae
528 786 631 865 junior
644 786 761 846 Marius
774 806 812 847 ex
832 784 1014 867 Capitoline
1026 784 1100 846 ardis

141 882 290 953 incendio,
304 882 468 963 ceterisque
481 881 613 942 delubris
625 882 761 942 omnibus
774 884 930 943 Praeneste
938 882 1097 953 detulerat,

140 998 207 1059 quae
220 987 252 1037 ct
263 978 317 1039 sub
330 998 366 1038 eo
380 975 467 1039 titulo
480 978 624 1039 translata
637 986 716 1051 sunt,
729 986 760 1039 et
773 978 885 1057 argenti
904 986 1016 1060 septem
1029 976 1098 1038 rnil-

139 1074 182 1134 iia
195 1074 306 1156 pondo.
349 1074 470 1135 Exacto
488 1074 646 1157 triumpho,
661 1074 699 1135 de
717 1076 805 1135 rebus
816 1075 877 1135 suis
889 1094 943 1156 pro
955 1075 1097 1135 concione

139 1170 286 1241 disemit,
314 1190 372 1231 non
396 1172 493 1231 minus
518 1170 677 1251 diligenter
699 1190 849 1243 enarrens,
870 1190 939 1253 quae
956 1170 1096 1243 feliciter,
1108 1172 1175 1225 Plut-

139 1288 230 1349 quam
251 1287 319 1347 quer
338 1267 453 1329 fortiter
470 1266 608 1329 fecisset:
631 1278 745 1349 ‘eaque
760 1268 799 1329 de
817 1289 909 1329 causa
921 1287 1039 1348 aequurn
1052 1266 1096 1328 ri·

140 1364 221 1424 deri’
242 1364 331 1436 dixit,
353 1373 362 1401 ‘
375 1374 419 1435 ut,
433 1364 514 1446 quod
528 1374 754 1445 cognomentum
766 1386 870 1426 recens
883 1365 1038 1436 asciverat,
1057 1364 1096 1426 eb
1124 1370 1201 1423 Aust.
1211 1372 1245 1423 de

139 1461 276 1521 omuibus
287 1460 377 1523 Felix
390 1461 567 1523 vocaretur?
610 1460 671 1523 Sed
686 1462 725 1523 ed
739 1460 862 1523 Graecos
870 1462 1003 1522 scribens
1012 1461 1095 1543 Epa-
1106 1434 1216 1567 gam·
1229 1439 1256 1489 ᾖ

138 1557 308 1638 phroditom
331 1580 363 1619 se
390 1558 582 1641 appellabat:
604 1560 766 1641 positaeque
789 1568 859 1621 sunt
880 1558 926 1619 illi
945 1577 1014 1618 curn
1036 1559 1095 1619 bac
1106 1566 1216 1631 Appias.

138 1654 330 1737 inscriptione
342 1663 459 1717 sumo.
1104 1630 1172 1681 ΡΜ·

182 1760 232 1815 16.
254 1752 370 1813 Eodem
394 1774 472 1815 anno
496 1762 528 1815 et
552 1752 587 1814 1..
614 1751 743 1814 Murena
765 1750 803 1813 de
826 1750 1004 1813 Mithridate
1024 1772 1093 1831 rege
1106 1758 1170 1809 esde
1178 1758 1261 1826 capit.

138 1851 347 1933 triumpharit,
355 1850 393 1912 de
403 1854 490 1931 cujus
497 1851 585 1911 rebus
593 1850 682 1931 gestis
690 1870 799 1932 pauca,
810 1870 907 1929 neque
915 1868 1093 1931 magnopere
1106 1822 1260 1953 &hm

138 1946 303 2018 laudanda,
324 1947 416 2019 solus,
430 1947 512 2028 quod
525 1948 629 2019 sciam,
645 1946 806 2029 Appiauus
819 1945 928 2007 refert:
955 1966 1024 2027 quar
1035 1945 1095 2005 suis
1105 1969 1127 2003 e.
1142 1957 1167 2004 ι.
1177 1962 1259 2021 stpro
1317 1974 1321 1985 ·

138 2044 323 2126 edpddnd
337 2044 529 2107 reddidimus.
557 2016 1215 2147 Parda‚mrddsyrrae,d.odu-ffgpm

139 2143 205 2202 nius
219 2141 258 2201 a‘d
273 2140 433 2202 Murenam
443 2144 536 2213 venit,
548 2140 766 2211 denuntiatum,
788 2148 797 2175 ‘
809 2160 868 2200 non
879 2139 998 2222 placere
1010 2159 1095 2200 seua·
1107 2148 1220 2199 brioude.

138 2240 183 2298 tui
197 2238 309 2300 bellurn
324 2260 392 2301 eum
406 2260 474 2300 cum
494 2260 562 2319 rege
576 2238 657 2300 socio
669 2248 701 2299 et
713 2237 811 2299 amieo
825 2237 946 2316 gerere?
987 2236 1097 2297 Eidem

140 2334 275 2396 Gabinio
292 2336 476 2409 mandatum,
499 2345 553 2397 ‘ut
571 2334 777 2396 Mithridatem
798 2334 1096 2415 Ariobarzanemque

139 2452 222 2513 reges
232 2434 458 2495 reconciliaret)
482 2434 673 2495 Mithridates
682 2432 779 2495 filium
789 2430 1010 2514 quadrimulum
1022 2432 1096 2492 auri·

138 2532 219 2593 citiae
244 2540 275 2593 et
296 2532 379 2615 pecie
399 2532 532 2594 obsidem
554 2530 756 2593 Ariobarzani
779 2549 848 2591 cum
868 2528 1018 2598 dedissetr
1039 2531 1096 2590 sub

137 2631 205 2709 ejus
223 2630 353 2710 pignoris
372 2628 483 2691 fiducia
504 2650 562 2690 non
583 2628 671 2690 modo
684 2647 751 2709 quae
764 2627 897 2688 babebat
909 2647 962 2708 per
973 2625 1097 2708 Cappa·

63 2797 66 2803 ¹
137 2725 258 2788 dociam
281 2726 418 2808 presidis
440 2727 571 2800 retinuit,
592 2725 645 2788 sed
670 2727 790 2806 iusuper
815 2723 940 2784 aliorum
963 2721 1097 2784 locorum

137 2825 327 2885 concessione
349 2833 454 2886 auctus
468 2834 523 2886 est.
567 2824 699 2906 Epulum
712 2821 820 2883 deiude
833 2820 994 2882 celebratae
1007 2819 1095 2880 luxu·

138 2923 192 2982 riae
212 2921 350 2982 omnibus
368 2921 462 2982 dedit.
504 2920 538 2983 N
541 2942 590 2982 arn
608 2929 640 2982 et
659 2919 783 3002 premia
804 2917 968 3000 proposuit,
982 2925 1096 2977 certum

99 3054 106 3067 ι
138 3019 204 3080 auri
218 3017 344 3099 pondus,
358 3019 387 3079 ei
399 3018 451 3100 qui
465 3017 623 3101 plurimum
635 3017 761 3078 bibisset
773 3015 933 3086 edissetve,
946 3013 1034 3094 quive
1049 3011 1095 3072 di·

138 3115 311 3176 cacissimus
321 3113 426 3176 fuisset
430 3115 596 3195 judicatus,
609 3123 663 3175 ent
674 3120 782 3176 cantus
791 3111 954 3174 aliorumve
967 3109 1096 3170 ludicro·

137 3231 205 3271 rum
219 3213 326 3292 peritia
339 3221 452 3274 ceteros
464 3212 664 3273 excelluisset.
706 3209 818 3270 Eorum
833 3207 1019 3291 praemiorum
1031 3224 1095 3266 orn·

139 3309 222 3369 nium
234 3309 331 3371 solum
344 3320 496 3391 expertem
509 3309 601 3370 fuisse
616 3307 779 3370 Gabinium
789 3307 932 3368 scribunt.

179 3413 230 3470 17.
254 3406 335 3468 Haec
353 3409 452 3468 emnia
465 3408 540 3469 nibil
553 3406 667 3468 babent
678 3405 829 3486 triumpho
841 3402 973 3482 dignum.
1015 3397 1094 3460 Cum

138 3513 239 3566 temen
252 3503 394 3566 bonorem
409 3503 493 3565 illum
511 3503 599 3584 Sylla
616 3501 697 3564 baud
714 3511 823 3562 temere
842 3499 897 3560 nisi
917 3498 1021 3559 merito
1040 3498 1093 3558 tri·

137 3600 237 3663 baisse
257 3601 415 3671 videntum
439 3611 471 3662 et
492 3601 673 3662 ‘Murenam
692 3599 880 3660 fortissimum
892 3597 999 3667 virum,
1012 3615 1093 3655 sum·
1122 3615 1175 3668 cie,
1201 3633 1228 3666 ro

137 3717 280 3778 mumque
293 3697 514 3779 imperatorem'
528 3696 667 3758 audiente
681 3695 792 3778 populo
805 3695 946 3756 Romano
960 3691 1007 3752 M.
1018 3690 1092 3752 Tul·
1105 3632 1258 3746 begnini.

138 3795 197 3855 lius
211 3795 425 3876 praedicaverit,
439 3815 497 3856 non
507 3794 623 3867 dubito,
638 3795 807 3856 multaeum
816 3790 961 3874 pmelara
970 3791 1000 3850 iu
1010 3787 1092 3870 Cap·
1121 3794 1258 3846 cicend-

138 3891 435 3974 padociaPontoque
445 3892 681 3972 gessisse,douec
692 3889 754 3952 aL.
761 3889 851 3972 Sylla
860 3895 1026 3957 revocatus,
1033 3895 1091 3945 tra·
1105 3865 1255 3976 ''sssffl

138 3989 209 4048 dita
219 3988 266 4048 M.
281 3989 418 4050 Minucio
431 3990 594 4071 provincia,
609 3987 741 4050 Rerum
756 3987 795 4048 ad
813 3983 993 4064 triumphum
1004 3980 1091 4042 dece·
1104 4007 1127 4041 e.
1139 3994 1168 4040 a.

138 4085 234 4146 deret.
251 4149 253 4154 ,
277 4085 358 4148 Sane
371 4106 437 4168 quae
450 4097 605 4169 supersunt
622 4085 745 4148 Pontici
758 4081 928 4144 Memnonis
945 4079 1092 4160 reliquie,
1103 4055 1259 4171 &2¹⁹⁸

139 4267 491 4327 Marcarlwddtmneirrt.
508 4271 597 4321 tiedr-
630 4269 706 4322 mittio
715 4269 801 4334 mado.
828 4267 932 4319 Merca·
945 4267 1034 4316 10987.
1045 4277 1093 4318 uu·

138 4335 186 4384 ee·
208 4335 282 4384 rrittia
299 4337 376 4400 perdo
394 4337 457 4386 sari.
490 4337 597 4386 Marcus
632 4338 722 4388 ciart.
740 4337 810 4386 Creo.

139 4403 232 4452 mlt.
243 4401 334 4452 uncias
346 4403 371 4452 t.
392 4401 498 4465 Argenti
508 4406 599 4468 reptem
