3300 5225
391 563 482 628 solu
694 592 699 609 .
862 579 897 628 r.
922 578 1018 628 urvrr
1108 559 1110 568 '

558 726 784 787 clarissimorum
806 709 1026 806 imperatumm,
1052 721 1274 784 fortissimorum
1295 723 1423 782 virorum
1446 741 1511 782 rua-

560 844 641 885 num.

600 929 649 983 ³8.
671 921 845 981 ‘Periclem
865 929 965 980 tamen
988 918 1132 980 indictum
1146 917 1235 979 'abire
1252 937 1311 977 nou
1332 917 1465 988 sinimus,
1479 925 1514 976 ut

412 1028 469 1077 vet
479 1026 548 1076 Mu.
558 1017 646 1081 simul
656 1020 796 1080 vumtem
808 1020 885 1098 ejus,
898 1017 986 1078 simul
996 1015 1127 1076 studium
1140 1014 1235 1074 Urbis
1244 1023 1350 1076 nostrae
1361 1014 1391 1073 in
1404 1013 1513 1088 virtute

401 1109 433 1142 ¹¹⁶
443 1098 468 1143 ⁰·
478 1097 505 1142 ὅ·
559 1117 733 1180 honoranda
745 1115 914 1198 prodamus.
954 1113 1068 1174 Tantus
1080 1115 1159 1174 euim
1170 1113 1222 1174 ille
1235 1114 1282 1174 vir
1293 1113 1361 1184 luit,
1373 1121 1407 1172 ut
1418 1131 1514 1172 novus

559 1215 588 1275 ei
608 1214 856 1278 lronordecretus
875 1211 976 1284 fuerit,
998 1211 1114 1272 duobus
1135 1211 1279 1272 connexis
1293 1211 1367 1272 oleoe
1391 1208 1513 1269 ramulis

559 1313 661 1393 capite
671 1312 782 1374 cincto.
823 1311 1055 1390 Probaruntque
1067 1319 1098 1370 et
1110 1327 1172 1369 rem
1184 1318 1216 1369 et
1234 1317 1369 1370 auctores
1386 1309 1514 1368 universi

560 1409 683 1491 populi:
714 1418 805 1490 alque
831 1408 899 1470 inde
922 1408 1019 1468 claros
1039 1407 1119 1468 viros
1138 1405 1301 1468 coronandi
1330 1404 1513 1466 consuetudo

559 1518 637 1580 orta,
649 1508 810 1587 statimque
821 1505 945 1586 vulgata
956 1516 1011 1567 est.
1037 1504 1150 1586 Neque
1163 1503 1358 1566 tranaeundus
1370 1502 1513 1566 Phocion

561 1615 616 1677 est,
623 1605 694 1666 licet
706 1614 780 1665 actas
791 1607 857 1683 ejus
868 1605 898 1664 in
913 1603 1050 1686 Philippi
1063 1612 1095 1664 et
1107 1603 1280 1664 Alexandri
1292 1611 1428 1682 tempora
1440 1599 1514 1662 iuci-

560 1703 616 1773 dit,
634 1721 759 1783 quorum
780 1703 915 1783 potentia
935 1712 967 1762 et
984 1701 1296 1762 fortunasummorum
1317 1700 1445 1760 virorum
1459 1701 1514 1758 ob-

560 1819 677 1860 scurare
703 1799 814 1860 famam
841 1800 991 1880 potuisset.
1047 1798 1118 1860 Nec
1141 1809 1240 1859 tamen
1264 1797 1309 1856 illi
1335 1797 1378 1858 sic
1398 1795 1515 1858 officere

561 1898 673 1956 nomini
686 1897 852 1958 Phocionis
865 1907 1036 1978 potuerunt,
1050 1899 1121 1978 quin
1140 1907 1289 1958 strenuum
1308 1897 1415 1966 virum,
1436 1897 1515 1976 opti-

561 2015 700 2076 mumque
714 1997 810 2055 civem
822 1995 913 2056 firmae
926 1997 1073 2056 sciemus:
1095 1995 1147 2075 qui
1160 2015 1227 2054 cum
1240 1991 1416 2074 quadragies
1428 1993 1515 2074 quin·

561 2095 646 2174 quies
664 2095 826 2154 exercitum
849 2092 980 2165 duxerit,
1000 2100 1114 2174 semper
1137 2091 1243 2154 absens
1261 2092 1375 2152 electus
1395 2099 1514 2171 praetor,

396 2191 548 2306 lfhfflw·
561 2199 661 2254 tamen
692 2191 862 2271 integritate
890 2193 961 2250 vitae
989 2191 1187 2271 civilibusque
1214 2191 1326 2250 artibus
1354 2188 1443 2249 hodia
1469 2196 1516 2248 est

505 2290 513 2306 ’
561 2289 668 2350 notior.
691 2305 697 2318 ·

602 2393 653 2447 39.
675 2383 980 2467 ‘Arqueeelromiuis
990 2386 1101 2444 mentio
1112 2382 1240 2464 publicre
1250 2383 1347 2444 laudis
1357 2384 1514 2449 admouet:

560 2503 628 2542 cum
649 2482 756 2543 eadem
775 2491 807 2542 et
828 2482 959 2542 civitatis
978 2491 1086 2542 nostre
1107 2480 1199 2542 fucrit
1219 2483 1249 2541 in
1269 2491 1395 2562 utroque
1408 2501 1516 2561 genere

413 2571 525 2651 Plucli·
562 2580 744 2660 praestantia,
767 2587 802 2640 ut
821 2571 1046 2658 ingeniosissimi
1063 2578 1197 2639 homines
1217 2577 1380 2660 disputent,
1395 2577 1516 2640 Bellina

398 2637 525 2767 ξὲᾙο
544 2697 599 2737 -an
612 2694 683 2751 vero
695 2677 851 2759 sapientiae
871 2674 976 2736 studiis
999 2675 1132 2736 Athenae
1152 2676 1261 2736 fuerint
1278 2676 1439 2737 clariores?
1461 2676 1516 2736 An

400 2767 467 2880 Getici·
477 2770 508 2884 ⁶⁴0
562 2776 641 2836 euim
654 2774 718 2836 ulla
735 2794 804 2857 pars
820 2774 988 2855 discipline
1007 2784 1063 2846 est,
1085 2774 1115 2833 in
1129 2793 1190 2853 qua
1203 2773 1393 2835 laudabiliter
1405 2775 1517 2835 versari

438 2866 473 2881 ”
503 2868 510 2882 ’
562 2874 723 2934 humanum
737 2873 889 2952 ingenium
909 2872 1011 2953 possit,
1030 2892 1119 2952 quam
1130 2892 1189 2932 non
1206 2881 1260 2933 aut
1272 2872 1436 2932 invenerint
1449 2890 1517 2932 nos·

561 2982 663 3045 uates,
678 2981 732 3033 aut
744 2991 806 3053 prae
821 2970 928 3043 ceteris
938 2969 1146 3031 excoluerint?

417 3074 548 3128 cremum.
603 3077 653 3130 40.
675 3068 741 3129 ‘Ut
762 3069 842 3129 enim
860 3088 880 3127 a
898 3068 994 3148 poetis
1010 3068 1171 3138 ordiamur,
1185 3064 1266 3147 quod
1285 3085 1409 3145 geum
1422 3066 1519 3127 doctis

399 3142 491 3199 qm*
500 3148 547 3192 ¹·¹·
556 3167 797 3247 ,antiquissimum
808 3176 865 3236 est,
878 3165 1031 3226 comoedioe
1048 3165 1258 3244 tragoediaeque
1272 3163 1414 3245 plurimos
1427 3174 1517 3244 atque

562 3265 759 3325 nobilissimos
785 3274 920 3325 auctores
944 3262 1078 3324 Athena}
1108 3261 1285 3355 retulerunt.¹
1335 3263 1517 3343 Quanquam

415 3361 697 3444 Plutitid.prolecto
718 3361 893 3423 comoediam
911 3363 1038 3424 scribere
1059 3362 1183 3423 vetitum
1206 3360 1466 3453 Areopagitiscst,
1481 3378 1518 3423 ne

399 3440 456 3487 “⁹¹
563 3460 750 3519 severitatem
767 3459 905 3537 judicum
926 3458 1062 3539 populari
1076 3458 1226 3518 hilaritate
1239 3466 1449 3537 corrumpant;
1471 3466 1517 3517 ta-

564 3576 630 3616 men
643 3557 716 3617 etin
728 3556 833 3615 vestris
845 3557 969 3617 theatris
986 3554 1099 3616 fabulae
1112 3564 1219 3615 nostrae
1232 3562 1415 3635 spectantur,
1428 3563 1461 3613 et
1473 3554 1518 3613 in·
1598 3557 1600 3563 '

564 3653 710 3733 geniosior
722 3652 847 3733 quisque
868 3660 1021 3733 poitamm
1037 3653 1176 3721 habetur,
1190 3670 1249 3731 quo
1263 3652 1382 3731 propius
1394 3650 1482 3710 abest
1500 3669 1519 3710 a

416 3752 552 3817 Timocmp·
563 3752 677 3811 nostris.
718 3749 883 3830 Tragoediae
897 3770 979 3821 vero,
992 3768 1061 3830 quae
1074 3749 1219 3809 maximas
1232 3748 1262 3806 in
1282 3748 1344 3806 vita
1355 3746 1448 3807 habet
1459 3748 1520 3807 uti-

401 3819 490 3932 pelen.
503 3836 541 3870 '¹'
564 3847 664 3911 litates
686 3847 725 3907 ad
748 3867 864 3907 omnem
886 3847 962 3906 bene
983 3845 1139 3908 serendam·
1159 3845 1319 3914 fortunam,
1340 3853 1373 3903 et
1389 3844 1518 3923 primum

418 3948 541 4014 Clemens,
563 3945 756 4016 inventorem,
768 3952 801 4005 et
811 3944 969 4024 scriptores
986 3942 1062 4004 adeo
1075 3940 1256 4003 excellentes
1268 3942 1334 4001 lraeo
1345 3941 1452 4002 civitas
1465 3962 1517 4023 pe-

400 4014 539 4127 ἰὶζῗοω
563 4044 651 4123 perit,
666 4052 701 4102 ut
711 4051 796 4103 tanto
803 4043 871 4121 jam
884 4050 1016 4121 tempore
1029 4060 1116 4101 nemo
1128 4041 1167 4099 sit
1178 4048 1322 4121 repertus,
1336 4039 1387 4119 qui
1400 4038 1518 4118 sapien·

562 4142 635 4201 tiam
659 4139 823 4221 Euripidis,
849 4138 1019 4200 facundiam
1041 4138 1210 4219 Sophoclis,
1229 4136 1519 4217 grandiloquenriam

564 4238 699 4319 AEsclryli
713 4240 806 4319 possit
816 4236 937 4297 imitari.

605 4344 655 4396 41.
677 4336 845 4396 ‘Oratores
866 4342 965 4394 autem
979 4338 1156 4413 praestantes
1171 4330 1278 4391 civitas
1298 4338 1397 4391 nostra
1417 4331 1519 4411 plures

563 4432 668 4493 cadem
682 4440 772 4493 aetate
784 4432 901 4501 habuit,
919 4449 1010 4512 quam
1031 4426 1243 4510 propemodum
1264 4447 1366 4488 omnes
1382 4430 1519 4489 omnibus
