3300 5225
431 582 535 633 arear
562 584 668 633 xcvi.
690 574 1015 635 surranunnrou.
1188 568 1278 635 4797

164 746 184 786 a
202 725 352 808 Spartaco
372 745 405 786 se
423 726 612 807 abruperant,
638 732 670 786 et
689 727 771 822 oirpa
790 724 965 805 Garganum
986 735 1115 788 montem
1127 738 1235 804 Appias.

161 842 234 883 cum
247 824 368 903 triginta
386 821 516 883 mlllibus
535 831 713 883 armatorum
733 821 851 904 prades
869 824 980 885 Crixus
996 826 1114 904 agebat.
1127 838 1270 891 Priansos.

163 918 288 981 Idcirco
304 919 339 980 L.
353 918 471 979 Gellius
488 917 592 979 consul
609 938 677 979 cum
689 928 813 1000 pretore
827 919 920 980 Arrio
932 929 1052 1001 repente
1071 921 1115 981 iu·
1127 936 1183 985 Liv.
1194 936 1262 1000 Epit.

118 1086 124 1090 ,
161 1025 271 1077 cautos
281 1016 387 1088 adorti,
401 1014 507 1095 viginti
516 1014 668 1075 hominum
680 1015 776 1077 millia
789 1036 857 1077 cum
865 1017 931 1098 ipso
939 1016 1026 1090 duce,
1035 1037 1116 1078 acer-
1127 1001 1236 1067 Appias.

160 1116 236 1176 rime
249 1114 369 1195 quidem
382 1121 564 1195 repugnante
576 1111 641 1185 illo,
655 1122 882 1194 prostraverunt.

203 1218 236 1273 3.
258 1211 329 1272 Nec
351 1212 419 1273 ideo
438 1212 535 1272 minor
555 1208 694 1277 adversus
712 1209 890 1292 Spartacum
905 1211 1000 1273 moles
1016 1232 1117 1294 super·

160 1318 245 1377 erat;
260 1310 311 1389 qui
322 1308 446 1370 cavendi
455 1307 664 1389 pugnandique
674 1309 809 1387 egregius
821 1308 1119 1380 artilex,ocoasionea

160 1416 194 1466 et
216 1416 342 1468 eventus
363 1425 466 1467 omnes
487 1424 604 1486 prorsus
626 1400 820 1487 imperatorio
832 1406 956 1467 consilio
973 1405 1012 1466 ad
1032 1426 1118 1467 sunm

159 1503 351 1565 commodum
364 1502 512 1565 trahebat.
556 1500 619 1563 Sed
632 1502 678 1563 illi
691 1522 744 1583 per
759 1502 953 1584 Apenninum
966 1502 1006 1562 ad
1019 1502 1118 1585 Alpes

159 1600 308 1672 tendenti,
321 1609 357 1663 ut
374 1602 404 1663 in
424 1600 560 1662 Galliam
575 1599 726 1673 evaderet,
748 1600 894 1663 Lentulus
904 1601 1007 1663 consul
1019 1623 1050 1663 se
1064 1602 1117 1662 ob-

154 1699 255 1778 jecit:
276 1696 402 1784 eundem
415 1719 435 1759 a
446 1706 530 1777 tergo
544 1697 579 1758 L.
591 1696 710 1759 Gellius
722 1697 877 1759 conclusit.
919 1696 1117 1760 Illevicissim

159 1816 231 1856 cum
246 1795 391 1856 ambobus
402 1804 537 1857 conserta
547 1815 648 1867 mauu,
662 1805 819 1876 utrumque
838 1796 952 1875 magnis
961 1806 994 1857 et
1004 1796 1117 1878 puden·

158 1893 209 1971 dja
225 1892 368 1963 ‚cladibus
388 1891 499 1963 affecit,
521 1912 590 1953 cum
608 1892 725 1954 duobus
744 1892 914 1954 consulibus
931 1902 1119 1975 comparatus

159 2010 238 2051 nnus
255 1976 412 2069 gladiator.
454 1988 497 2050 Et
519 1990 644 2070 priorem
672 1988 795 2070 quidem
817 1988 979 2050 Lentulum
1005 1992 1116 2070 abegit,
1129 2000 1272 2052 OroaPlnt.

159 2106 290 2167 eumque
304 2086 407 2147 cannis
418 2094 450 2145 et
460 2084 679 2167 impedimentis
691 2087 828 2154 omnibus
839 2087 924 2146 exuit
935 2086 965 2146 in
979 2086 1117 2168 Apenni-
1129 2098 1278 2149 Flammae.

159 2204 219 2245 no:
242 2182 351 2243 deinde
366 2203 468 2245 versus
484 2184 515 2243 in
537 2181 684 2255 Gellium,
705 2202 876 2265 quanquam
891 2204 959 2244 oum
975 2204 1014 2244 eo
1026 2204 1058 2243 se
1074 2184 1116 2251 Q.
1128 2164 1185 2215 Ll'·
1196 2162 1264 2229 Epit.

161 2281 273 2341 Arrius
286 2284 494 2361 conjunxerat,
512 2281 801 2361 utrumquecollatis
812 2280 903 2359 signis
915 2281 996 2341 vicit.
1039 2281 1119 2343 Post

159 2380 267 2439 horum
284 2378 398 2458 lugam,
417 2387 452 2439 ut
471 2376 620 2439 Romanis
635 2378 810 2451 ostenderet,
830 2361 926 2464 eidem
943 2377 1073 2438 ludibrio
1086 2388 1119 2439 et

159 2478 242 2557 ipsos
261 2477 408 2538 obnoxios
428 2496 490 2538 esse
512 2496 609 2557 posse,
637 2496 689 2559 per
711 2475 792 2555 quod
816 2475 942 2537 aliorum
966 2475 1118 2536 hominum

159 2575 306 2655 sanguine
320 2584 382 2635 tam
395 2573 562 2636 immaniter
574 2574 783 2644 abuterentur:
798 2594 852 2657 per
863 2593 984 2635 causam
993 2572 1117 2655 placan-

158 2672 267 2734 dorum
289 2671 376 2733 crixi
394 2673 537 2745 manium,
558 2671 643 2732 simul
663 2672 819 2752 cujusdam
837 2683 979 2733 matronae
996 2672 1148 2745 nobilitat
1168 2679 1234 2745 piru.
1272 2714 1274 2719 -

159 2789 229 2850 quae
243 2769 410 2850 atirgitiris
421 2790 475 2851 per
487 2770 548 2830 rim
561 2777 694 2850 stuprata
706 2769 763 2830 sibi
775 2789 881 2830 manus
893 2769 1044 2841 intulerat,
1058 2779 1116 2831 tre·
1128 2695 1199 2860 ἐξ.

157 2876 264 2929 centos
276 2875 329 2928 aut
343 2867 574 2947 quadringentos
586 2887 625 2928 ex
640 2867 766 2948 captivis
778 2867 912 2928 delectos
920 2867 1003 2928 circa
1014 2886 1116 2947 rogum
1128 2889 1237 2955 ΑΡΡςω,

155 2965 248 3044 jussit
261 2965 350 3026 armis
361 2964 542 3047 depugnare.
584 2963 707 3025 Ceteros
725 2963 764 3024 ad
778 2984 869 3024 unum
881 2984 983 3025 omnes
996 2965 1116 3026 interle·
1128 2956 1198 3032 ⁰¹⁰⁸:

158 3064 221 3124 cit:
243 3061 466 3144 impedimenta,
487 3070 594 3144 prater
612 3063 776 3123 necessaria
795 3082 903 3142 panca,
916 3062 1036 3124 subdito
1048 3020 1152 3143 igneA
1170 3036 1235 3086 pm.

158 3160 316 3232 cremavit,
330 3177 390 3239 quo
403 3167 480 3219 esset
491 3158 530 3218 ad
543 3157 692 3220 destinata
705 3159 882 3240 expeditior.

200 3267 232 3318 4.
255 3256 341 3318 Nam
354 3276 390 3317 ne
401 3255 474 3337 quid
487 3256 671 3335 indignitatis
684 3257 809 3330 abesset,
818 3256 857 3316 de
867 3258 933 3338 ipsa
947 3255 1033 3316 Urbe
1048 3253 1114 3316 Ro-
1147 3271 1213 3348 qur.

159 3375 210 3415 ma
231 3351 403 3416 invadenda
420 3352 616 3414 deliberabat.
658 3351 770 3434 Neque
789 3352 1026 3437 leve-discrimen
1038 3363 1115 3423 erat,
1129 3337 1235 3402 eppm.

158 3471 230 3513 cunr
249 3471 355 3531 agmen
372 3459 492 3512 centum
512 3449 617 3530 viginti
629 3449 755 3511 millium
772 3451 920 3521 traheret:
943 3469 1116 3530 quanquam

158 3549 252 3629 vulgo
273 3548 429 3631 repudiare
445 3546 587 3628 fugitivos
608 3541 736 3620 solitus,b
755 3569 880 3629 quorum
900 3547 940 3609 ad
962 3549 1071 3629 ipsum¹
1090 3527 1133 3607 si*

159 3649 371 3730 reciperentur,
391 3647 540 3707 maximus
559 3663 696 3706 numeras
717 3646 871 3706 transibat.
914 3645 1034 3707 Idcirco
1055 3645 1116 3706 duo
1144 3658 1214 3709 0101.

159 3742 307 3816 consules,
324 3743 439 3824 junctis
460 3743 567 3824 copiis,
590 3745 621 3802 in
642 3761 713 3822 agro
729 3741 847 3803 Piceno
867 3743 896 3802 ei
916 3751 1115 3803 occurrerunt.
1128 3723 1236 3789 Appias.

161 3841 224 3904 Sed
235 3841 287 3902 ille
301 3841 372 3902 licet
383 3859 435 3901 eas
446 3859 555 3920 magna
571 3838 658 3900 clade
669 3837 863 3921 profligasset,
876 3839 916 3899 ad
931 3838 1046 3899 Urbem
1058 3839 1114 3899 du-

192 4038 618 4120 ll'algprepadinrefagr'tr'porsoli·
653 4036 1113 4116 ‘corporllrnstantnnfugltirornm

119 4187 121 4192 .
159 4101 631 4236 nuntiarentque
651 4103 1113 4229 latet''isacarslafssllt

159 4237 265 4302 qnldern
287 4238 359 4287 nullo
379 4237 456 4285 modo
477 4233 617 4286 verisimile
651 4235 798 4299 Appianas,
818 4249 896 4298 quern
915 4234 957 4283 lrio
977 4235 1111 4283 Freinshe-

159 4302 273 4353 vldetur.
306 4297 616 4364 Sedetpanlolnt'ra‚ad
652 4301 719 4350 mins
745 4307 879 4350 auctorem
899 4298 1026 4364 seqnitur,
1047 4299 1110 4349 satis

158 4367 238 4418 finem
248 4367 356 4432 hujusce
371 4365 451 4430 ipsias
463 4365 565 4430 capitis,
577 4365 617 4414 dl·
652 4379 710 4415 sese
721 4365 770 4415 hoc
783 4367 842 4417 loco
853 4365 989 4430 prebuere
1001 4363 1111 4429 diligen·
1141 4367 1148 4376 ‘

129 4441 131 4448 “
160 4436 238 4483 serris
257 4433 342 4483 verbis
362 4431 457 4482 dicitur
476 4431 618 4495 Spartacus
653 4439 703 4480 toa.
721 4431 793 4482 Creo.
