3300 5225
402 577 500 644 4554.

891 599 927 652 r.
951 579 1049 651 urvri

565 741 789 820 gubernatorem
801 745 886 808 nuris
898 765 966 826 que
981 746 1010 806 in
1022 765 1108 809 enum
1127 754 1305 818 occurrerat,
1317 748 1391 808 cum*
1406 758 1525 830 proreta

562 841 711 922 supplicio
722 842 836 904 atl'ecit.
877 843 941 904 Sub
953 843 1073 904 eosdem
1081 842 1157 914 dieo,
1169 863 1238 905 cum
1251 843 1395 924 pedestris
1406 847 1524 908 exerci-

563 946 612 998 tuo
633 940 710 1019 regio
727 941 868 1001 onerariis
887 951 920 1002 et
941 943 1109 1002 triremibus
1129 941 1333 1012 adveheretur,
1354 945 1526 1024 repentinus

562 1037 650 1097 turbo
668 1047 783 1117 partem
803 1059 905 1099 earnm
928 1040 1047 1099 narium
1068 1039 1098 1098 in
1117 1038 1272 1099 Rhodium
1292 1038 1375 1100 littus
1388 1041 1523 1121 impegit.

563 1131 678 1195 Rhodii
692 1136 816 1216 impigre
828 1137 925 1196 evecti
939 1137 968 1196 in
982 1135 1124 1197 afflictam
1142 1144 1317 1218 tempestate
1329 1157 1523 1222 apertumque

561 1229 699 1304 classem,
713 1252 805 1294 nereo
816 1233 962 1314 quaedum
982 1253 1051 1294 cum
1064 1233 1135 1294 viris
1147 1233 1370 1314 quadringentis
1382 1235 1524 1318 abripue-

562 1338 641 1400 runt,
665 1329 742 1391 alius
764 1331 930 1413 perforatae
955 1341 1118 1393 merserunt
1139 1331 1213 1404 olto,
1238 1341 1291 1393 aut
1316 1333 1428 1412 injecto
1454 1335 1523 1413 igne

562 1428 748 1488 eiureemnt.
1276 1504 1284 1516 .

602 1511 653 1582 2³.
676 1523 872 1596 Nouembrem
890 1544 928 1585 en
944 1525 1093 1606 superiore
1107 1525 1210 1606 ulique
1222 1524 1322 1586 navali
1335 1545 1437 1607 pugne
1448 1547 1522 1608 cep-

562 1625 611 1678 tuo
630 1618 779 1682 Leonicur
798 1620 905 1683 luerit:
927 1623 980 1704 qui
1000 1643 1032 1682 ee
1052 1623 1226 1683 acerrimum
1245 1621 1351 1682 uelutis
1364 1623 1453 1703 regite
1465 1623 1521 1685 de-

560 1713 707 1777 fensorem
720 1716 884 1799 aliquando
896 1718 1075 1780 ostenderet.
1118 1717 1214 1778 Hunc
1235 1718 1324 1798 igitur
1344 1727 1378 1780 ut
1397 1739 1521 1802 recupe-

560 1823 652 1885 raret,
674 1824 823 1896 quotquot
844 1816 975 1877 babebat
999 1816 1188 1878 Rhodiorum
1212 1818 1436 1902 captivoo,pro
1457 1840 1520 1880 uno

560 1929 682 1991 corpore
703 1912 843 1973 reddidit.
887 1913 1008 1974 Deinde
1028 1913 1186 1974 obfirmato
1207 1912 1247 1973 ad
1267 1916 1518 1995 expuguationem

560 2009 670 2081 animo,
682 2009 770 2070 simul
783 2009 822 2070 ed
837 2011 945 2072 navale
958 2011 1041 2072 aliud
1055 2011 1202 2092 praelium,
1215 2011 1303 2072 simul
1317 2013 1358 2072 ud
1372 2012 1517 2074 tentanda

559 2105 667 2166 moenie
678 2108 874 2185 cogitationes
891 2107 1027 2168 intendit.

599 2209 651 2263 24.
674 2203 764 2266 Forte
774 2204 940 2286 proditores
952 2203 1075 2285 quidam
1093 2205 1205 2266 clivum
1223 2205 1253 2264 ei
1272 2212 1516 2278 monstraverunt,

553 2301 648 2380 juxta
664 2301 750 2362 loris
763 2301 909 2384 Atabyrii
922 2302 1091 2372 delubrum,
1111 2321 1172 2382 que
1190 2311 1274 2382 parte
1287 2303 1338 2381 qui
1358 2303 1445 2382 primi
1461 2323 1516 2364 ex·

557 2407 727 2459 struxerant
746 2401 864 2471 moenia,
879 2400 959 2479 quod
981 2399 1133 2460 altitudini
1153 2399 1226 2458 ritus
1238 2396 1434 2470 confiderent,
1449 2401 1516 2460 bre·

556 2497 638 2556 viere
659 2498 791 2557 conteuti
813 2517 898 2558 muro
921 2497 1050 2558 luerent.
1093 2495 1152 2556 Sed
1178 2495 1290 2558 clivum
1313 2516 1434 2556 ereemu
1457 2517 1516 2558 non

555 2590 706 2653 difficilem
732 2614 795 2655 eoae
828 2593 987 2673 transfugae
1018 2592 1246 2655 confirmabunt.
1300 2592 1398 2673 Igitur
1426 2603 1515 2655 noctu

554 2690 649 2770 copiio
661 2690 691 2750 in
704 2711 795 2752 naves
815 2694 971 2773 imponitis,
989 2692 1107 2751 silentio
1128 2690 1286 2751 admovere
1307 2710 1398 2751 naves
1412 2692 1514 2771 jusit,

554 2784 650 2847 donec
662 2788 693 2847 in
707 2787 880 2869 Atabyrio²
902 2798 1001 2849 monte
1014 2787 1067 2848 fax
1081 2787 1252 2856 tolleretur:
1276 2786 1385 2849 deinde
1399 2796 1513 2869 quanto

553 2884 668 2965 possint
680 2905 748 2946 cum
761 2885 893 2946 clamore
907 2906 943 2947 ac
956 2887 1080 2967 impetu,
1094 2884 1134 2946 ed
1147 2884 1246 2944 locum
1259 2883 1367 2965 cuique
1379 2884 1511 2963 arrigna-

554 2987 618 3039 tum
630 2980 796 3045 decurrere.
839 2983 924 3045 Num
945 2984 988 3044 ita
1007 2983 1132 3064 partitus
1151 2990 1216 3041 erut
1227 3000 1344 3062 operae,
1359 2990 1403 3052 ut,
1416 2980 1513 3041 donec

553 3097 622 3158 paro
640 3081 789 3140 exercitur
808 3100 878 3141 eum
898 3081 986 3141 scalis
1004 3080 1043 3141 ad
1063 3078 1172 3140 moenie
1190 3078 1252 3139 vim
1272 3085 1379 3149 tentat,
1398 3077 1452 3138 alii
1473 3078 1514 3139 ud

552 3179 669 3253 portum
683 3186 823 3236 terrorem
842 3176 983 3237 lucerent.

592 3275 643 3330 26.
666 3270 728 3331 Sed
741 3272 772 3333 id
786 3271 907 3353 quidem
928 3273 1095 3345 consilium,
1117 3281 1151 3333 ut
1169 3270 1265 3331 multa
1285 3269 1347 3332 elie
1365 3270 1511 3351 ejusden,

550 3384 638 3427 emur
660 3366 758 3429 elusit.
802 3368 949 3431 Excubiae
973 3368 1175 3441 Rhodiorum,
1198 3388 1267 3429 cum
1290 3367 1366 3428 sorte
1389 3359 1517 3428 surdum

550 3465 705 3545 strepitum
725 3460 920 3540 ‘audivissent
935 3470 1032 3547 ignem
1045 3466 1226 3529 extulerunt.
1270 3464 1310 3526 Id
1325 3484 1416 3545 prope
1429 3464 1510 3525 Ata·

551 3561 617 3641 byri
643 3562 782 3622 lactum·
811 3564 1012 3625 Mithridatici
1040 3574 1189 3646 putantes,
1214 3562 1390 3641 signumque
1425 3580 1510 3621 ouum

550 3659 697 3730 arbitrati,
716 3680 756 3720 ex
777 3660 921 3722 altissimo
938 3662 1057 3723 silentio
1070 3660 1156 3721 simul
1172 3669 1290 3741 repente
1303 3678 1405 3719 omnes
1416 3656 1510 3717 borri-

550 3754 640 3815 bilem
653 3756 814 3819 clamorem
827 3757 992 3819 ediderunt.
1035 3757 1150 3819 Rhodii
1164 3765 1279 3825 eontra,
1294 3754 1433 3815 alacriter
1444 3754 1509 3815 cla-

550 3872 630 3911 more
643 3853 772 3927 reddito,
785 3874 855 3914 curn
868 3854 907 3915 ed
922 3856 1030 3915 moenie
1042 3854 1197 3915 confertim
1217 3862 1379 3922 currerent,
1399 3852 1507 3931 regios,

869 3989 886 4036 2
903 3961 1011 4050 Arcturo
1022 3984 1085 4035 edd.
1095 3992 1158 4035 ante
1170 3984 1247 4036 Creu.

964 4088 1134 4111 mutum

581 4160 594 4186 θ
607 4154 638 4203 ld
647 4168 720 4217 prope
730 4154 947 4220 Atabyrisuetum]
959 4156 1011 4207 llic
1047 4164 1098 4213 est,
1108 4154 1124 4215 ἡ
1135 4154 1235 4219 orporlo
1252 4154 1295 4203 τοῦ
1313 4151 1457 4217 Μιθριδάτου
1468 4167 1507 4200 ro·

550 4217 944 4282 discrepantomnesedrtionen.
954 4222 1011 4271 Pri·
1045 4223 1137 4280 pluero
1145 4218 1281 4270 robrorlrm
1292 4218 1336 4268 τὸν
1347 4214 1505 4280 ἐκταβυρίον,

549 4297 593 4332 mu
614 4285 704 4346 babet,
724 4286 855 4350 Atabyrii:
883 4288 1010 4342 Clertrur,
1047 4289 1102 4336 rive
1115 4286 1241 4347 potiundi
1250 4282 1390 4348 Ἀταβυρίου
1401 4280 1504 4343 ropodr:

548 4348 702 4412 Διώρην
720 4350 875 4413 Doujatiun,
893 4352 1009 4414 Atabyri.
1046 4353 1145 4402 militet
1156 4351 1319 4402 Mirtrridarie
1332 4352 1381 4399 rati
1394 4351 1462 4397 bunc
1475 4347 1506 4394 il·

550 4414 1009 4479 Nutlubarumlcctionunrrattnplr-
1045 4418 1098 4466 lum
1121 4432 1179 4468 eme
1200 4418 1286 4483 ignem
1310 4429 1342 4465 ex
1366 4411 1505 4479 Atabyriu.

549 4486 601 4526 cet.
630 4480 760 4543 Quicquid
771 4482 908 4545 rcrlprerlt
920 4482 1008 4531 Freiu·
1046 4484 1118 4534 Creu.

548 4544 670 4604 obeuntur,
682 4559 773 4596 rentur
791 4546 908 4613 Appiani
923 4548 1008 4598 clerus
