3300 5225
344 550 450 599 nresr
475 550 631 601 nxxvrr.
653 532 981 602 surrnnusuruu.
1131 536 1221 603 4539

125 693 252 776 appellere
266 694 428 774 jubebant,
443 704 496 755 aut
511 694 615 755 saltem
634 694 819 776 precipitato
832 696 863 755 iu
875 715 970 777 aquae
985 694 1055 757 Ma-

124 795 168 861 rio,
188 810 244 871 quo
262 792 456 852 instituissent
474 811 591 851 cursum
611 811 743 872 pergere.
786 791 848 851 Sed
870 778 1056 874 supplicante

124 906 180 947 eum
191 887 323 967 lacrymis
340 908 420 960 sene,
439 887 550 948 domini
572 889 667 963 οονὶε,
683 898 841 969 postquam
852 888 905 949 diu
918 888 1056 949 fluctuas-

122 992 176 1043 seut
191 985 302 1055 animis,
320 994 466 1064 negenmt
483 1006 515 1045 se
530 986 639 1065 ejicere
657 987 752 1047 virum
769 1006 866 1066 posse.
1115 1063 1118 1072 υ

156 1086 199 1140 85.
215 1080 336 1142 ¹Deinde
349 1082 401 1141 ubi
413 1098 481 1142 cunr
494 1082 643 1143 atrocibus
660 1082 749 1143 minis
767 1083 883 1163 equites
895 1082 947 1142 citi
961 1102 1057 1143 reces-

122 1186 215 1249 serunt,
225 1178 330 1238 iterum
343 1178 498 1239 immutata
507 1186 617 1249 mente,
627 1177 667 1237 ad
678 1178 754 1239 Liris
766 1180 863 1239 amnia
874 1180 952 1240 ostia
963 1199 1057 1259 prope

123 1282 213 1333 burm
226 1276 364 1353 jecerunt
379 1275 540 1345 aneboresr
562 1276 731 1356 hortatique
746 1276 890 1346 Marium,
912 1285 946 1336 ut
960 1276 999 1335 sd
1012 1279 1056 1336 ci·

122 1370 181 1429 bum
192 1370 375 1451 capiendum,
386 1390 551 1453 corpusque
561 1372 668 1431 rectius
679 1370 842 1433 curandum
856 1380 902 1431 tot
912 1371 1055 1432 afflictum
1179 1427 1183 1434 .

122 1466 306 1539 incommodis,
320 1468 351 1527 in
366 1477 473 1529 terram
488 1468 692 1539 exscenderet,
707 1467 804 1529 donee
823 1469 876 1548 qui
888 1477 968 1529 stata
984 1470 1057 1529 bora

122 1560 181 1621 dare
199 1563 327 1625 debebat
348 1574 455 1626 ventus
474 1573 615 1645 surgeret,
637 1564 765 1625 sublatis
781 1564 857 1625 velis
874 1566 905 1625 iu
925 1568 1056 1644 gramine

122 1662 327 1725 recumbentem
340 1662 532 1743 reliquerunt.
568 1661 619 1723 Ita
631 1661 790 1723 derelictus
802 1663 842 1722 ab
854 1663 990 1723 omnibus
1003 1666 1055 1725 bo·
1069 1673 1179 1741 Appen.

121 1756 243 1829 murno,
256 1757 309 1821 riu
322 1760 353 1819 ο
367 1759 464 1820 nme
477 1760 540 1819 uae
558 1779 633 1821 voce
647 1761 756 1839 jacuit.
798 1758 967 1839 roseum
979 1781 1056 1840 egre
1068 1739 1136 1791 ΡΜ·

121 1872 148 1912 ae
158 1854 313 1934 recollegit,
324 1876 377 1936 per
388 1856 469 1919 iuria
480 1866 511 1916 et
523 1856 670 1935 uliginosa
680 1856 758 1929 loca,
770 1856 965 1938 oppletasque
973 1876 1058 1919 ooeno

121 1960 147 2009 et
157 1953 234 2030 aquis
245 1950 339 2012 fossas
355 1951 474 2013 delecta
491 1954 624 2013 membra
640 1953 770 2025 trabeas,
784 1952 904 2014 tandem
917 1952 956 2013 ad
968 1963 1057 2033 tugu-

122 2045 211 2107 riolum
223 2049 316 2119 venit,
337 2048 367 2109 in
382 2069 442 2129 quo
462 2068 554 2109 senex
575 2048 696 2130 quidam
715 2047 877 2131 paludibus
897 2050 1060 2131 purgandis

121 2162 225 2222 operam
237 2144 311 2206 dare
323 2146 427 2206 solitus
440 2146 606 2207 habitabat.
648 2146 704 2208 Aa
722 2146 811 2225 bujus
831 2146 922 2228 pedes
933 2167 966 2207 se
980 2147 1058 2225 abji-

121 2240 199 2313 ciens,
216 2242 430 2315 obtestabatur,
452 2252 606 2305 ‘serrator
627 2252 717 2323 atque
740 2242 859 2323 adjutor
879 2264 942 2303 esse
965 2242 1059 2303 vellet

122 2335 240 2411 bominis,
266 2340 291 2399 si
320 2350 495 2421 praesentem
520 2348 726 2421 tempestatem
756 2340 920 2419 effugisset,
944 2342 1060 2421 majora

122 2434 241 2511 opinione
252 2438 377 2519 praemia
388 2436 552 2498 reddituri'
593 2436 654 2497 Ille
675 2440 738 2497 sire
752 2437 823 2498 olim
843 2439 938 2499 risum
956 2457 1058 2515 recog·

122 2548 237 2604 noscens,
249 2535 311 2594 sire
324 2553 365 2594 ex
379 2542 498 2616 aspectu
519 2537 616 2595 virum
635 2534 716 2595 baud
734 2534 891 2614 vulgarem
903 2534 1058 2614 judicans,

122 2625 224 2706 placide
234 2630 401 2712 respondit:
424 2639 433 2667 ⁴
449 2632 474 2691 si
488 2630 606 2711 quidem
627 2633 736 2712 quietis
748 2641 860 2711 egeret,
874 2653 958 2712 posse
969 2642 1058 2712 tugu-

123 2725 223 2794 noeti:
243 2728 288 2788 sin
307 2748 378 2789 vero
397 2727 533 2788 inimicos
550 2728 669 2808 aliquos
685 2727 809 2806 lugeret,
831 2737 1058 2792 monstraturum

122 2839 147 2879 ae
158 2817 289 2902 aptiorem
302 2823 425 2896 latebris
438 2824 559 2885 locum!

154 2923 198 2978 ue.
218 2919 266 2981 lbi
286 2919 361 2982 dum
376 2924 469 3001 juxta
489 2920 693 3002 profluentem,
714 2921 745 2979 iu
768 2939 846 2980 cere
862 2920 941 3000 ripa,
962 2918 1058 2980 multa

121 3014 246 3077 murdim
260 3015 440 3099 levibusque
447 3019 602 3080 sarmentis
621 3026 775 3079 contectus
793 3015 888 3088 sedet,
900 3018 1000 3076 subito
1018 3016 1058 3077 ad

122 3127 193 3170 eures
203 3113 311 3174 accidit
322 3113 448 3186 clamor,
463 3115 676 3196 increpantium
688 3133 800 3184 senem,
813 3122 845 3172 et
861 3113 913 3173 ubi
926 3112 1058 3174 Marium

121 3206 303 3271 abscondisset
318 3211 489 3292 jubentium
503 3210 672 3274 ostendere,
702 3210 786 3271 Nam
800 3209 944 3290 quosdam
956 3231 1058 3270 eorum

121 3304 163 3380 qui
183 3325 200 3364 e
220 3305 362 3368 Geminio
382 3307 421 3368 sd
440 3307 648 3370 retrahendum
668 3307 799 3367 Marium
821 3327 1057 3387 quoquoversum

120 3400 202 3461 emissi
221 3402 349 3477 luerent,
368 3405 408 3466 ad
426 3405 502 3466 illud
525 3404 705 3484 tuguriolum
723 3425 809 3464 casus
826 3404 983 3464 detulerat.
1026 3403 1059 3464 Is

120 3498 248 3560 raudus
266 3502 418 3562 bominem
439 3501 613 3582 proditionis
632 3509 747 3561 certum
764 3501 891 3580 subegit,
910 3509 943 3560 ut
960 3502 1123 3570 exotium..
1133 3521 1200 3586 epu.

121 3593 237 3658 restibus
250 3598 281 3657 in
300 3597 442 3680 paludem
460 3619 491 3658 sc
515 3600 711 3678 immergeret,
734 3598 830 3658 oculis
852 3597 1058 3658 tautummodo
1070 3586 1220 3642 V‘¹¹·¹¹·1⁹·

121 3708 151 3748 ae
173 3693 287 3754 naribus
312 3682 496 3756 extantibus.
551 3695 603 3756 Sic
629 3703 761 3776 repertus
781 3703 1004 3774 exuretusque,
1025 3703 1059 3754 ut

120 3796 174 3847 erat
193 3790 270 3852 undo
291 3812 429 3874 corpore,
457 3792 529 3852 limo
550 3812 693 3873 eoenoque
715 3790 868 3863 deformis,
894 3794 1005 3871 injecto
1027 3792 1060 3853 iu
1068 3814 1136 3866 Prot,

120 3883 215 3948 eodum
232 3888 306 3964 loro,
323 3889 492 3952 Minturnas
504 3891 635 3972 rapitur:
657 3899 699 3962 et,
720 3890 791 3951 dum
804 3889 878 3972 quid
890 3890 972 3951 facto
983 3909 1059 3969 opus

120 3995 185 4044 met
196 3989 382 4068 magistratus
399 3987 577 4059 deliberant,
594 3987 804 4048 custodiendus
821 3989 860 4048 sd
880 3986 959 4048 redes
978 3986 1058 4046 Fan·
1087 4013 1218 4064 11,ng

121 4079 168 4138 riae
180 4084 313 4158 mittitur,
327 4107 395 4168 quer
408 4087 449 4147 ob
462 4095 590 4147 veterem
608 4085 749 4150 offensem
766 4087 843 4146 irate
857 4085 957 4146 Mario
969 4093 1057 4164 puta·
1069 4093 1131 4131 '¹¹¹-
1142 4083 1166 4128 ²·

121 4177 205 4242 batrrr.

155 4284 198 4340 οἵ.
218 4279 303 4341 Nam
315 4289 402 4342 sexto
415 4283 481 4360 ejas
498 4282 653 4344 consulatu
674 4279 829 4363 repudiata
841 4299 861 4340 a
874 4278 913 4344 C.
926 4280 1058 4344 Titinnio

123 4370 323 4452 Minturnense,
337 4399 457 4440 caumm
471 4379 598 4442 dixerat.
631 4379 781 4440 Titinnius
793 4378 896 4460 ampla
907 4379 976 4439 dote
990 4400 1057 4461 spo-
