3300 5225
766 566 768 573 ⁴
869 548 906 598 Τ.
930 547 1030 606 LlVll

552 709 621 751 nom
643 699 810 771 utramque,
833 690 940 751 ductor
961 693 1114 773 copiarum
1136 690 1331 761 Mithridatis,
1350 699 1507 772 arpertus,

523 854 525 859 ,
551 806 609 848 non
631 786 714 847 aliud
737 808 790 868 pro
809 788 884 847 meis
901 807 1090 868 meorumque
1111 786 1211 858 laetis,
1227 787 1410 859 vulneribus,
1427 808 1508 868 quo·

531 882 676 945 ,rundam
696 892 728 944 et
752 884 905 956 mortibus,
929 885 1081 965 praemium
1103 894 1263 965 expectare
1283 884 1386 955 debui,
1412 903 1508 964 quam

552 988 586 1040 ut
598 980 722 1061 imperio
734 982 853 1060 tyranni
865 980 1026 1051 occiderer,
1048 1000 1102 1061 pro
1120 1000 1228 1060 magno
1248 982 1401 1041 habiturus
1412 981 1509 1041 bene-

551 1074 632 1149 ficio,
652 1077 678 1137 si
698 1075 779 1138 solus
800 1077 857 1137 boc
878 1086 1004 1159 paterer,
1018 1096 1114 1158 neque
1125 1074 1211 1137 liberi
1225 1078 1283 1137 mei
1296 1096 1431 1157 uxorque
1444 1096 1509 1162 una

552 1180 743 1234 morerentur.

591 1276 642 1329 11.
664 1268 771 1329 ‘Haee
792 1276 823 1329 et
844 1266 916 1339 alia,
934 1286 1002 1346 qum
1022 1286 1082 1327 non
1103 1268 1229 1347 ignoras,
1248 1266 1299 1327 rel
1320 1287 1367 1327 me
1385 1274 1510 1329 tacente

552 1365 625 1426 satis
638 1364 781 1438 indicant,
792 1385 853 1445 quo
863 1365 962 1425 auimo
973 1373 1005 1424 et
1016 1385 1088 1444 erga
1099 1364 1184 1425 illum
1196 1385 1259 1425 eme
1272 1364 1410 1435 debeam,
1417 1368 1510 1444 cujus

552 1461 632 1525 baud
653 1482 724 1525 sane
743 1464 879 1525 meritam
893 1461 1099 1523 crudelitatem
1118 1461 1221 1542 fugior
1242 1471 1275 1522 et
1286 1462 1428 1523 adversus
1440 1484 1508 1533 ros,

552 1560 605 1639 qui
617 1560 708 1641 paulo
721 1570 789 1621 ante
802 1560 927 1630 hostem,
939 1579 1016 1619 nunc
1028 1559 1191 1641 supplicem
1203 1569 1344 1630 restrum,
1357 1559 1509 1637 benignis·

553 1656 625 1717 sime
637 1658 814 1740 suscepistis.
857 1657 906 1716 Ut
917 1658 1008 1737 igitur
1020 1657 1151 1737 utrisque
1164 1658 1289 1737 gratiam
1306 1676 1396 1738 quam
1409 1656 1509 1717 debeo

553 1752 690 1824 reseram,
703 1753 846 1815 confirmo
865 1753 932 1825 tibi,
951 1750 1183 1834 haudquaquam
1200 1774 1294 1815 vanua
1313 1764 1427 1824 auctor,
1442 1752 1508 1813 Mi·

554 1850 713 1912 tlrridatem
724 1859 807 1911 certo
819 1853 928 1911 certius
941 1850 1161 1911 rebellaturum.
1203 1850 1263 1911 Sed
1277 1858 1312 1910 ut
1330 1852 1428 1931 potius
1439 1872 1509 1911 res·

554 1956 612 2019 tro,
646 1968 736 2027 quam
763 1948 844 2009 illius
873 1958 1005 2031 tempore
1030 1949 1188 2029 incipiatur
1213 1948 1337 2023 bellum,
1374 1948 1506 2009 interest

555 2043 700 2105 Nondum
722 2044 765 2106 ita
784 2055 905 2128 paratus
926 2055 982 2117 eet,
1005 2046 1077 2127 quin
1100 2046 1239 2127 occupari
1262 2046 1362 2127 possit
1406 2044 1445 2106 Iu
1471 2065 1509 2105 eo

438 2182 439 2185 =
474 2206 476 2211 ,
554 2143 717 2203 maximum
740 2142 779 2203 ad
800 2144 954 2205 victoriam
976 2153 1156 2203 momentum
1177 2164 1241 2203 esse
1262 2144 1347 2203 nosti.
1382 2142 1509 2225 Neque

554 2260 612 2319 ego
624 2248 685 2301 tam
700 2258 803 2322 parum
819 2242 957 2302 amicitiis
973 2261 1011 2303 ae
1027 2240 1175 2301 clientelis
1191 2240 1289 2314 valeo,
1300 2249 1335 2300 ut
1347 2260 1406 2300 non
1419 2241 1511 2321 insig-

556 2357 623 2397 nem
636 2345 700 2398 tum
712 2338 742 2398 in
755 2338 887 2400 consiliis
898 2338 1026 2398 bostium
1044 2336 1231 2416 indagandis,
1244 2346 1306 2397 mm
1319 2338 1350 2397 in
1363 2338 1509 2418 recipien-

555 2434 601 2495 dis
621 2435 749 2516 populis,
768 2456 890 2517 operam
909 2455 1018 2495 narare
1036 2436 1166 2516 possim!
1282 2502 1286 2509 ,

596 2538 646 2591 12.
669 2530 751 2593 Haec
771 2552 829 2593 non
846 2540 995 2614 postrema
1014 2530 1173 2592 festinandi
1192 2532 1266 2591 belli
1285 2532 1364 2593 ratio
1380 2551 1449 2593 cum
1469 2532 1509 2592 ad

556 2629 683 2710 priorem
704 2629 900 2710 cupiditatem
923 2631 1105 2700 accessisset,
1129 2628 1210 2689 baud
1231 2627 1389 2690 difficulter
1413 2639 1512 2690 motos

556 2736 602 2787 est
622 2725 762 2798 Murena,
781 2735 815 2787 ut
834 2728 967 2787 exercitu
986 2735 1142 2787 conuacto
1164 2725 1391 2808 Cappadociam
1411 2728 1510 2808 ingre-

557 2822 685 2885 deretur.
727 2824 812 2886 Ante
826 2825 944 2899 omnia„
953 2823 1070 2884 reddita
1082 2832 1151 2884 sunt
1162 2823 1374 2895 Ariobarzani,
1387 2844 1457 2903 quar
1469 2826 1510 2886 ad

409 2929 545 2983 struhan.
558 2941 677 3000 regnum
691 2921 756 3002 ejus
769 2923 949 3004 pertinentia
965 2921 1157 2982 Mithridates
1176 2922 1331 2982 retinebat.
1373 2921 1512 2982 Comana

393 3000 502 3125 ffifip
557 3016 666 3078 rende
687 3019 801 3100 irrupit,
815 3019 977 3079 murman
990 3018 1027 3078 us
1044 3019 1212 3097 regionibu
1224 3018 1347 3079 ronnei
1363 3019 1443 3097 jure
1461 3040 1510 3078 uf.

557 3115 636 3186 bem,
655 3116 705 3176 ubi
724 3134 842 3196 magara
862 3114 1013 3196 religionis
1028 3116 1247 3197 opulentimque
1268 3115 1411 3197 templum
1433 3117 1510 3176 vise·

557 3211 655 3271 batur.
697 3211 736 3272 In
759 3215 825 3292 ejus
844 3213 926 3272 urbis
948 3212 1083 3294 praesidio
1104 3233 1157 3273 rex
1181 3212 1374 3272 Mithridates
1394 3211 1512 3292 aliquot

557 3308 690 3386 equitum
704 3307 767 3368 alas
779 3308 1000 3370 collocaverat:
1021 3329 1097 3390 quas
1109 3310 1159 3369 ubi
1173 3309 1307 3372 concisas
1326 3329 1347 3368 a
1364 3308 1512 3369 Romanis

557 3423 622 3464 esse
638 3407 788 3484 cognovit,
807 3405 913 3486 legatis
929 3405 969 3467 ad
987 3405 1145 3468 Murenam
1165 3407 1270 3477 mimis,
1283 3413 1373 3487 pacta
1384 3425 1453 3466 oum
1474 3405 1509 3465 L.

395 3508 520 3560 Memnon.
559 3498 649 3580 Sylla
666 3501 739 3560 inita
761 3502 871 3562 serrari
893 3503 1073 3584 postulabat.
1112 3503 1203 3564 Forte
1222 3502 1348 3563 Graeoos
1365 3501 1512 3582 quosdam

558 3597 712 3678 sapientiae
734 3597 866 3658 studium
889 3598 1033 3680 professos
1045 3601 1140 3680 magis
1152 3619 1243 3680 quam
1261 3607 1435 3681 prestantes
1448 3599 1511 3659 Mi·

558 3691 702 3754 thridates
716 3693 875 3774 legaverat.
918 3694 965 3755 Hi
978 3696 1040 3757 sire
1053 3698 1149 3775 gentis
1160 3695 1240 3768 odio,
1253 3697 1315 3756 rire
1326 3714 1424 3756 mores
1436 3696 1512 3774 regia

559 3791 666 3871 perosi,
680 3799 783 3851 contra
798 3790 969 3852 mandatum
985 3802 1018 3853 et
1036 3793 1195 3854 utilitatem
1211 3795 1277 3873 ejus
1293 3813 1313 3853 a
1331 3814 1392 3874 quo
1412 3793 1511 3853 renie-

558 3887 643 3960 bant,
669 3886 780 3948 bellum
804 3888 903 3970 potius
925 3887 1072 3962 Murenae,
1095 3911 1186 3971 quam
1207 3910 1313 3972 paoem
1335 3888 1512 3950 suadebant.

394 3971 503 4040 Appim.
560 3983 669 4064 Igitur,
691 3985 762 4066 quia
786 3983 877 4066 Sylla
897 3995 1053 4047 contentus
1078 3984 1169 4048 fidem
1190 3987 1277 4048 lactis
1302 3995 1511 4068 representare

558 4081 677 4142 tabulas
698 4081 816 4143 lmderis
834 4085 1018 4145 conscribere
1037 4085 1220 4164 neglexerat,
1233 4084 1364 4164 negabat
1376 4092 1468 4164 pacta
1479 4105 1512 4143 se

558 4178 670 4248 videre.
694 4180 732 4241 ad
750 4199 818 4261 quae
841 4181 1033 4244 Mithridates
1053 4191 1234 4264 provocaret.
1278 4180 1352 4242 Hoc
1373 4201 1511 4262 responso

559 4269 664 4354 legatis
677 4277 804 4349 reddito,
818 4280 917 4339 statim
930 4280 1095 4360 praedatum
1111 4280 1224 4341 dimisit
1241 4299 1320 4351 suos,
1334 4297 1431 4358 neque
1443 4298 1511 4359 pro-

558 4371 646 4445 fanis,
669 4394 764 4455 neque
786 4378 878 4438 sacris
901 4378 1051 4440 abstinens
1071 4398 1193 4439 manus:
1214 4376 1334 4450 deinde,
1355 4376 1428 4456 quia
1443 4377 1511 4454 jam
