3300 5225
456 512 559 561 arnnr
585 511 1039 566 xcv1.suernnuauruu.
1208 498 1297 568 ttae

181 674 258 719 esee.
299 654 348 718 At
366 664 521 738 postquem
536 656 708 719 adolescens
732 656 928 739 Perpetuam,
950 656 1134 731 Graecinum,

181 751 316 832 aliosque
329 753 488 835 participes
497 755 601 813 secreti
616 754 795 823 nominavit;
813 774 870 814 nou
883 754 1002 817 distulit
1014 776 1134 837 pergere

182 847 224 908 ad
244 836 491 930 Perpernam'et
513 848 672 912 &monere
695 850 831 931 periculi,
850 852 905 911 nisi
924 862 1038 913 mature
1060 874 1134 936 pree·
1229 906 1234 920 ,

181 954 339 1008 verterent.
380 946 449 1011 ‘Eo
471 966 533 1009 rem
556 946 727 1019 dductem,
750 932 784 1008 ut
806 947 898 1009 celeri
917 948 970 1010 diu
996 960 1133 1029 nequent.

182 1040 402 1123 Occupeudum
427 1042 602 1115 Sertorium,
629 1052 682 1104 eut
708 1043 889 1125 pereundum
912 1045 1135 1108 insidiatoribus

180 1139 267 1199 m.)

223 1242 254 1295 8.
276 1233 349 1295 Non
362 1234 520 1297 dubitabat
537 1236 701 1318 Perperna,
721 1237 792 1317 quin
812 1258 883 1299 vere
896 1210 1151 1319 praedicaminis

181 1330 226 1391 Et
234 1351 326 1413 nuper
333 1352 462 1413 quoque,
470 1334 631 1393 summissis
638 1333 741 1395 decem
751 1334 905 1405 militibus,
915 1334 1077 1397 Sertorium
1087 1338 1133 1396 iu·
1146 1345 1252 1427 Appirp.

180 1426 315 1490 terficere
324 1430 758 1517 conatus,punitisquepertim,
773 1432 958 1512 pertimluge
967 1432 1076 1513 elapsis
1089 1433 1132 1493 iu·

179 1525 382 1599 sidietoribus,
395 1546 566 1607 quenquam
586 1526 717 1588 nondum
729 1537 793 1589 eret
810 1528 955 1609 proditus,
974 1549 1011 1588 ne
1029 1529 1133 1611 prode·

180 1631 262 1683 retur
270 1623 428 1683 metuebat.
451 1621 570 1683 Idcirco
579 1623 900 1704 conjurationisduoes,
908 1626 1134 1687 convocetisoe·
1145 1635 1214 1688 Plau.

180 1718 282 1779 leniter
294 1709 449 1800 precipuis
458 1720 651 1792 consciorum,
659 1720 732 1781 nihil
745 1720 1000 1792 contendumreti,
1013 1742 1134 1805 compo·

180 1824 256 1876 nunt
268 1836 285 1876 e
298 1818 423 1896 vestigio
432 1816 543 1877 bandis
556 1817 690 1879 ordinem
703 1838 710 1878 :
732 1819 951 1900 subornetoque
964 1817 1070 1881 idoneo
1082 1820 1134 1881 bo-

180 1916 271 1987 mine,
290 1914 432 1979 confictas
449 1916 550 1977 literas
571 1914 703 1979 Sertorio
720 1918 879 1980 nudandas
895 1929 1011 1991 curent,
1025 1921 1136 1999 quibus

179 2012 219 2075 de
236 2032 344 2092 magna
363 2013 486 2073 victorie
506 2014 701 2095 perscriptum
720 2026 797 2087 erat,
815 2035 905 2095 quem
923 2014 1047 2077 Sertorii
1067 2018 1134 2097 qui·

179 2107 251 2172 dam
273 2108 397 2189 legatus,
420 2110 532 2189 ingenti
555 2110 682 2171 boetium
704 2130 826 2172 numero
848 2110 1010 2183 debellato,
1034 2132 1133 2195 repor-

179 2214 281 2269 unet.

222 2312 253 2367 9.
274 2303 390 2365 Letum
402 2304 442 2365 ob
453 2305 517 2367 hec
527 2312 560 2365 et
570 2302 787 2385 sacrificantem
801 2302 965 2365 Sertorium
977 2323 1046 2377 cunr
1059 2305 1133 2365 emi·

178 2402 224 2465 cis
236 2405 335 2480 (erem
347 2410 445 2463 eutem
458 2421 495 2463 ex
517 2402 738 2481 conjuratorum
750 2406 886 2481 numero)
908 2401 948 2463 ad
966 2402 1135 2464 convivium

179 2500 289 2559 invitet
310 2496 477 2581 Perperna,
502 2497 663 2579 multisque
683 2499 819 2579 precibus
841 2499 946 2570 vincit,
963 2499 1050 2561 etad
1062 2520 1135 2578 geu·

178 2594 263 2658 dium
289 2596 353 2678 ejus
374 2595 435 2658 diei
455 2594 665 2658 celebrandum
693 2596 873 2658 condiceret.
916 2596 1013 2678 Igitur
1034 2597 1134 2660 discu-

177 2696 280 2756 buere.
323 2694 470 2756 Sertorius
483 2693 603 2756 inferior
618 2695 646 2754 in
661 2693 759 2756 medio
773 2693 852 2757 lecto
861 2696 1061 2764 accubueret;
1082 2717 1132 2758 su·
1160 2715 1296 2769 sutilia.

178 2813 236 2875 pre
251 2813 320 2854 eum
337 2791 373 2853 L.
395 2791 507 2853 Fabius
525 2791 737 2873 Hispaniensis
755 2801 873 2854 senator
891 2812 930 2853 ex
945 2785 1240 2875 proscriptist¹¹¹·¹⁶·

178 2893 335 2953 insummo
346 2889 586 2974 *eretAntoniua
599 2899 631 2950 et
644 2889 798 2951 iulreeum
809 2891 908 2951 scribe
917 2890 1041 2952 Sertorii
1055 2891 1133 2954 Ver·

177 2987 262 3051 sius:
283 2988 314 3048 in
327 2987 388 3048 imo
399 2987 496 3048 scriba
508 2986 583 3048 alter
600 2985 762 3058 Maecenas,
777 2985 892 3047 medius
908 2989 986 3048 inter
1006 2985 1133 3068 Tarqui·

176 3083 253 3144 tium
265 3092 299 3145 et
306 3083 455 3146 dominum
466 3082 596 3146 convivii
609 3081 804 3164 Perpernam.

221 3186 271 3242 10.
293 3179 370 3240 Erat
381 3199 419 3240 ea
430 3201 497 3241 cum
513 3179 634 3241 Sertorii
647 3177 804 3251 modestia,
818 3187 881 3240 mm
892 3180 972 3261 apud
982 3199 1051 3240 suos
1060 3200 1131 3243 euo-
1144 3195 1210 3246 Plus

178 3277 296 3349 toritas,
323 3287 368 3348 ut,
393 3298 430 3338 eo
456 3285 612 3358 prasente,
637 3275 805 3338 verecunda
830 3285 863 3338 et
888 3276 1011 3338 honesta
1031 3280 1132 3340 omnia

178 3381 298 3444 essent3
321 3373 413 3436 nullae
427 3382 529 3455 turpes
546 3371 674 3445 facetia,
687 3370 763 3434 nulli
776 3371 921 3434 clamores
933 3373 1133 3456 tumultusque

178 3469 361 3534 audirentur.
396 3471 456 3532 Sed
469 3491 505 3532 eo
516 3479 659 3554 tempore,
673 3479 708 3532 ut
717 3471 833 3531 initium
843 3471 974 3531 rixarum
985 3474 1134 3552 conjurati

176 3569 322 3640 tacerent,
332 3567 490 3630 inconditis
502 3569 683 3630 sermonibus
692 3569 893 3648 gestibusque,
907 3567 1133 3650 persimulatio·

60 3732 62 3738 ,
178 3685 246 3728 uem
259 3665 421 3737 ebrietatis,
430 3666 616 3746 strepebant.
658 3664 737 3726 Cum
750 3665 790 3727 ad
807 3665 872 3726 hec
886 3663 948 3737 ille,
961 3665 1025 3726 sive
1037 3665 1132 3731 offen·

125 3773 129 3780 '
177 3783 228 3824 sus
241 3763 298 3826 bac
316 3762 448 3834 licentia,
464 3763 528 3824 sive
546 3771 673 3824 mentm
691 3781 791 3823 eorum
809 3762 958 3834 divinans,
970 3762 1055 3824 velut
1067 3763 1131 3823 eni-

178 3879 260 3922 mum
274 3879 333 3922 uon
346 3859 524 3932 adverteret,
538 3860 569 3920 iu
588 3858 667 3921 lecto
681 3861 797 3939 jaceret
812 3859 954 3940 supinusz
977 3859 1132 3939 Perperna

177 3977 290 4019 merum
316 3957 462 4039 poposcit,
481 3966 513 4018 et
536 3957 613 4018 inter
633 3955 794 4017 bibendum
820 3956 932 4016 dimisit
954 3977 973 4015 e
994 3957 1132 4017 menibus

177 4054 323 4137 phialam,
334 4055 385 4136 qui
402 4075 491 4116 sonus
510 4053 714 4138 perpetrandae
731 4053 823 4116 coedis
840 4053 955 4133 signum
966 4055 1131 4134 conjuretis

176 4161 252 4214 erat.
294 4152 346 4213 Ac
358 4153 458 4214 statim
472 4151 634 4223 Antonius,
648 4153 700 4233 qni
713 4151 743 4211 in
756 4170 871 4238 summo
885 4149 963 4211 leoto
973 4151 1129 4211 accumbe·

178 4250 241 4320 bet,
262 4249 405 4310 destricto
422 4250 550 4331 pugione
567 4249 730 4310 Sertorium
750 4248 916 4308 sauciarit:
937 4247 1045 4308 deiude
1057 4267 1129 4308 oon-

177 4348 318 4408 vertentis
330 4367 361 4408 se
376 4346 415 4407 ad
428 4348 532 4434 ictum,
550 4351 587 4408 et'
599 4367 716 4426 surgere
733 4347 869 4407 conantis
884 4340 1004 4407 menum
1018 4354 1127 4409 utrem-
