3300 5225
401 577 491 644 noo
887 594 1041 646 rrum
1092 614 1096 620 ·

403 737 538 816 lit-,211¹-
567 737 829 812 ncsbabebentnr,
841 740 867 800 ei
879 741 947 821 qnia
956 741 1013 801 snb
1030 739 1134 801 Murio
1151 749 1206 800 ant
1221 737 1360 800 echone
1377 737 1521 818 legrl'nre

404 807 514 872 Apim
566 855 666 898 comm
679 836 826 918 stipendia
835 838 918 899 civili
930 837 1012 898 bello
1023 838 1194 906 meruisset:
1214 837 1353 918 sipartes
1363 856 1435 918 ope,
1447 857 1520 896 con·

566 932 784 1011 siliojnvisret:
807 935 965 996 siomnino
980 934 1129 995 studiosus
1147 931 1265 994 illarum
1282 933 1397 993 nisu
1438 933 1518 1000 Qui·

567 1029 692 1090 busdam
709 1031 800 1092 etiam
818 1033 934 1092 crimini
952 1031 1056 1094 &mm
1075 1031 1216 1102 referunt,
1228 1030 1310 1112 qnod
1327 1051 1396 1090 curn
1418 1029 1520 1110 aliquo

566 1146 668 1188 eornm
681 1148 837 1190 commune
850 1131 906 1192 iter
919 1131 1081 1190 inirioeent
1123 1128 1173 1189 Ibi
1183 1129 1283 1188 omnia
1293 1127 1399 1188 dirim
1414 1127 1519 1188 hume·

435 1229 451 1262 ¹¹
566 1243 664 1304 neque
677 1225 791 1286 violata
802 1236 835 1288 et
845 1227 963 1309 pollute
973 1237 1053 1288 srrnt.
1095 1227 1199 1288 Mariti
1212 1228 1242 1286 in
1252 1227 1370 1306 gremiis
1380 1245 1518 1296 uxorum,

567 1322 597 1381 in
610 1323 676 1382 sinn
690 1331 816 1385 matnrm
837 1323 924 1384 liberi
944 1324 1084 1385 cocleari.
1125 1323 1221 1386 Sacra
1240 1323 1414 1405 hospitalia,
1432 1324 1519 1383 otri·

567 1421 674 1480 monice
694 1430 725 1480 et
744 1422 902 1502 religiones
921 1421 1065 1494 Deorum,
1079 1423 1203 1504 ipseque
1224 1441 1325 1482 eorum
1343 1420 1520 1501 penetralis,

568 1519 676 1578 nemini
690 1539 824 1596 securum
837 1519 979 1581 adverus
989 1540 1171 1601 percussores
1184 1518 1349 1600 perfugium
1360 1517 1486 1578 debent.

608 1621 659 1677 24.
683 1615 815 1696 Eratque
830 1637 968 1678 numerus
983 1619 1110 1696 exiguus
1120 1639 1172 1698 per
1191 1619 1265 1678 iram
1278 1627 1332 1676 ent
1343 1616 1446 1676 odium
1458 1617 1523 1676 sic·

566 1713 639 1772 toris
651 1715 845 1793 pereuntium,
859 1735 921 1794 prae
940 1713 1131 1777 multitudine
1152 1735 1254 1774 eorum
1271 1716 1324 1795 qui
1342 1713 1520 1775 facultatum

453 1847 460 1860 ·
529 1847 538 1865 ·
566 1829 657 1870 cause
669 1811 867 1872 necabantur:
888 1833 1013 1892 qnorum
1024 1814 1115 1873 etiam
1127 1833 1180 1894 per
1188 1811 1437 1872 nomenclatorem
1450 1831 1523 1872 con·

434 1927 449 1960 u
567 1908 677 1987 quisita
701 1909 819 1968 nomina
844 1909 957 1969 tabulae
982 1911 1205 1991 proscriptionis
1226 1919 1368 1990 tyrannus
1397 1909 1523 1988 adiecit.

568 2004 610 2072 Q.
622 2003 775 2075 Aurelius,
792 2007 836 2066 vir
852 2007 946 2086 quieti
959 2008 1062 2078 enimi,
1073 2016 1105 2068 et
1118 2008 1300 2067 conscientia
1309 2025 1442 2075 wcums,
1453 2025 1524 2065 cnm

566 2109 681 2162 tanturn
702 2102 829 2164 aliorum
849 2105 907 2163 sibi
919 2103 1082 2165 dolendam
1101 2105 1199 2166 ricem
1211 2112 1343 2186 putaret,
1353 2101 1441 2162 lectis
1454 2123 1525 2182 pro-

566 2200 739 2281 scriptorum
757 2201 936 2272 nominibus,
947 2222 1017 2262 cnm
1029 2222 1062 2262 se
1080 2221 1200 2283 qnoque
1213 2201 1327 2263 videret
1339 2202 1503 2282 ascriptum
1514 2221 1524 2269 ς

567 2295 652 2356 ‘Vae
671 2299 777 2358 misero
793 2299 890 2370 milri,'
906 2301 1016 2381 iuquit:
1039 2299 1175 2360 ‘fundus
1195 2299 1336 2360 Albanus
1357 2319 1406 2359 me
1426 2318 1526 2380 perne·

567 2393 688 2472 quitur?
728 2394 841 2476 Neque
863 2397 952 2476 longe
974 2417 1154 2478 progressus,
1176 2418 1196 2456 o
1217 2397 1360 2477 quodam,
1380 2397 1434 2477 qui
1454 2413 1526 2456 eum

568 2500 741 2569 agnoverat,
755 2503 976 2574 percnsrnsest.
1020 2493 1168 2575 Idemque
1187 2495 1251 2554 sire
1273 2493 1376 2565 lollii,
1394 2495 1524 2553 rincu-

562 2589 686 2669 jusdnrn
699 2589 819 2651 alterins
831 2591 938 2664 latum,
951 2591 1005 2653 ssd
1017 2613 1057 2653 ex
1070 2593 1176 2653 merito
1188 2591 1256 2653 fuit.

422 2688 547 2759 mco.
608 2693 659 2748 es.
680 2686 714 2747 Ι,
725 2689 867 2767 singulari
880 2690 1025 2771 pravitate
1043 2674 1241 2770 rapacium
1252 2690 1370 2750 nram
1384 2689 1416 2748 in
1428 2687 1525 2748 som

404 2756 460 2805 vd·
567 2782 606 2843 ad
633 2783 789 2863 legendam
815 2787 949 2847 tabulam
972 2789 1100 2867 gestiens
1125 2796 1321 2868 procurreret,
1341 2795 1376 2846 et
1399 2804 1525 2866 quornm

567 2881 718 2962 proposita
730 2883 851 2943 nominc
861 2893 1028 2963 cognosset,
1043 2885 1074 2945 in
1082 2904 1135 2946 eos
1147 2881 1467 2963 muln-mummolinus
1477 2880 1524 2940 di·

565 2976 665 3049 cebat,
678 2978 850 3041 calamitate
863 2983 1037 3041 miserorum
1050 2980 1194 3059 quodem.
1222 2980 1321 3059 Igitur
1332 2980 1413 3040 bunc
1424 2980 1524 3039 stetin

566 3071 669 3135 divina
681 3077 822 3158 corripuit
834 3077 921 3139 ultio.
963 3076 1108 3160 Namque
1127 3077 1200 3139 dnm
1220 3077 1347 3156 legendo
1359 3074 1524 3157 carpendo·

566 3190 625 3251 qne
636 3173 767 3252 singulos
780 3176 888 3255 pergit,
909 3195 995 3235 suum
1008 3176 1039 3236 in
1052 3176 1113 3236 imo
1124 3175 1230 3236 tabula
1241 3175 1406 3256 escripntm
1418 3193 1521 3235 nomm

568 3266 658 3330 videt.
701 3270 805 3337 Quare
817 3281 898 3333 metr
910 3274 1127 3342 obmutescens,
1140 3293 1210 3333 curn
1222 3292 1254 3332 se
1266 3274 1368 3352 cupite
1381 3270 1523 3347 adoperto

567 3365 754 3439 subduceret,
769 3371 898 3448 agnitus,
908 3380 941 3431 et
949 3390 967 3431 e
976 3372 1114 3450 vestigio,
1124 3370 1296 3431 letantibus
1302 3370 1356 3449 qni
1369 3367 1525 3428 astiterant

566 3450 947 3535 omnibus,conlossusest.
1371 3516 1374 3520 -

607 3566 657 3629 26,
681 3561 758 3624 Inde
771 3563 859 3625 latior
871 3566 902 3625 in
919 3584 1023 3628 omnes
1032 3584 1137 3647 peror,
1152 3584 1206 3624 nec
1219 3561 1293 3644 qnid
1309 3570 1362 3621 aut
1379 3559 1526 3625 boemi,

567 3668 620 3718 rut
629 3660 808 3733 omitterent,
823 3683 885 3745 quo
897 3664 955 3724 tuti
965 3664 1074 3733 forent,
1086 3664 1158 3721 satis
1166 3662 1312 3723 sciebant.
1353 3655 1529 3718 Accederes

567 3754 607 3815 ad
618 3756 762 3830 tabulam,
776 3780 830 3841 pro
841 3761 959 3821 curioso
972 3759 1195 3841 periclitareris:
1216 3778 1276 3818 non
1289 3755 1458 3821 accederes,
1470 3770 1529 3831 pro

567 3852 758 3933 indignante:
788 3878 945 3939 quereres,
969 3857 1042 3939 quid
1063 3858 1204 3938 scriptum
1226 3863 1320 3923 esset:
1346 3874 1401 3935 pro
1424 3861 1453 3911 te
1471 3859 1533 3907 tut

566 3952 628 4011 tuis
638 3956 819 4015 conscientia
831 3956 964 4017 solicitus
983 3954 1145 4017 videreris:
1166 3963 1278 4015 estates
1298 3953 1428 4017 tacitus:
1448 3946 1534 4007 odiis

568 4047 715 4110 latronum
741 4054 790 4132 obj
795 4054 916 4126 icerere,
939 4062 1083 4134 tanquam
1112 4053 1190 4113 tristi
1222 4052 1342 4112 silentio
1369 4046 1537 4130 pruenti·

567 4145 722 4209 damnans.
766 4148 852 4211 Num
863 4152 1007 4222 etmulti,
1027 4150 1109 4232 quod
1127 4150 1176 4212 vel
1191 4151 1376 4211 subriserant
1388 4145 1426 4207 nd
1438 4142 1535 4214 tulit,

567 4243 616 4304 vel
637 4244 763 4306 frontem
784 4259 1006 4320 contruxerunt,
1019 4248 1228 4309 caedebantur:
1250 4267 1346 4327 neque
1364 4254 1415 4305 ant
1435 4242 1539 4302 unrici

568 4360 639 4400 casu
653 4342 855 4421 ingemiscere,
870 4357 921 4407 aut
935 4346 1095 4407 adversarii
1104 4347 1199 4407 exitio
1210 4346 1307 4405 letari
1321 4346 1435 4424 impune
1445 4342 1537 4394 emt·

570 4434 725 4503 Praetereu
738 4442 839 4503 multis
851 4445 1032 4525 perniciosus
1051 4445 1261 4521 cognominum
1279 4454 1358 4496 onor
1368 4440 1437 4501 erat,
1449 4449 1537 4507 ‘1¹¹2
