3300 5225
342 591 449 641 utum
475 589 656 641 uxxxut.
678 589 1002 642 SUPPLEMRNTUM.
1035 615 1038 622 2
1142 575 1230 642 w

115 735 246 796 delitatis
259 736 487 816 pretermissum
499 735 565 796 esti
584 732 687 794 'l'aceo
697 733 837 794 civitates
848 733 1004 814 mancipiis
1015 742 1069 795 sut

113 834 249 894 obaeratis
270 833 406 904 traditas,
429 842 474 904 st,
492 832 600 912 quibus
618 832 743 892 obnoxii
763 852 826 893 esse
847 831 1009 903 debebant,
1022 830 1070 892 bis

113 928 302 1012 imperarent.
345 927 394 990 Dc
420 929 536 990 Grecis
567 928 713 990 Asiaticis
737 929 810 990 nibil
842 928 923 1001 dico,
942 949 1069 1011 quorum

112 1027 259 1109 principes
277 1026 360 1088 mille
381 1035 540 1087 sexcentos
558 1046 617 1087 uno
638 1025 814 1108 proditionis
832 1025 955 1100 obtentu
976 1028 1068 1086 truci·

112 1122 197 1184 desti.
242 1121 501 1203 Gallograecorum
519 1122 638 1204 sepulta
657 1123 696 1183 sit
716 1123 876 1188 memoria:
896 1143 1068 1204 quanquam

112 1239 235 1301 corpora
246 1220 399 1302 sepultura
413 1220 600 1302 prohibuisti,
613 1239 681 1280 erun
694 1219 791 1280 socios
802 1225 870 1280 tuos
881 1228 913 1280 ct
925 1219 1067 1302 hospites,
1094 1237 1161 1288 Prot.
1170 1237 1203 1291 a„

112 1317 260 1378 commum
273 1337 382 1378 mensas
395 1317 558 1388 adhibitos,
567 1316 774 1378 miserabiliter
782 1316 949 1377 occidisses.
970 1316 1070 1398 Cujus
1077 1303 1142 1355 VM
1153 1305 1220 1354 ¹¹⁰¹·

113 1413 201 1473 animi
215 1413 284 1486 tuit,
298 1413 378 1494 quod
392 1413 489 1474 Italos
501 1433 604 1475 omnes
617 1433 686 1475 cum
699 1412 800 1475 liberis
811 1422 844 1474 et
852 1415 997 1474 uxoribus
1007 1435 1068 1476 uua
1078 1375 1187 1499 ἷέἔιζῃ

113 1509 254 1572 dicterio
275 1520 330 1572 ant
349 1531 431 1592 aqua
452 1510 615 1572 sustulisti?
637 1511 709 1578 Quo
729 1510 851 1591 quidem
873 1521 1007 1593 tempore
1029 1532 1066 1572 nc

113 1628 195 1669 sacra
209 1607 331 1688 quidem
343 1617 375 1669 et
386 1608 555 1670 veneranda
568 1609 635 1669 locs
654 1609 794 1690 prrssidio
805 1609 994 1688 percuntibus
1004 1629 1069 1670 esse

114 1713 288 1784 potuerunt:
307 1713 424 1766 tautum
443 1715 472 1766 te
489 1706 593 1787 populi
614 1703 746 1766 Romani
764 1708 887 1768 tenebat
897 1705 1010 1779 odium,
1023 1716 1068 1780 ut,
1109 1705 1115 1716 '

113 1801 181 1862 dum
194 1802 284 1862 nobis
295 1822 427 1874 noceres,
441 1821 496 1863 nec
508 1803 630 1888 humani
643 1823 699 1862 nec
710 1801 804 1863 divini
813 1803 892 1882 juris
903 1801 995 1864 ullius
1006 1823 1068 1864 me-
1167 1871 1174 1887 ἱ

114 1917 257 1958 munes.

150 2000 203 2058 27.
228 2003 239 2043 ‘2
258 1993 301 2054 Et
321 1993 426 2055 horam
453 1995 574 2075 quidem
599 1995 689 2056 etiam
723 1996 808 2056 bonis
837 1995 941 2076 raptis,
964 2005 1069 2056 contra

113 2088 244 2150 edictrrru
257 2099 401 2161 nostrum,
414 2079 494 2170 quod
513 2091 668 2153 Asiaticos
687 2111 769 2170 reges
786 2092 909 2173 Europa
921 2093 1068 2173 prohibet,

112 2187 277 2265 trajecisti:
300 2186 512 2249 Macedoniam
530 2189 704 2250 incursasti:
727 2187 844 2249 Graccis
864 2189 1011 2250 abstulisti
1034 2189 1070 2248 li·
1145 2209 1151 2220 ·

113 2282 281 2343 bertatcm:
312 2303 410 2364 neque
433 2293 503 2346 ante
527 2284 567 2345 ad
594 2293 723 2346 ruentem
746 2304 880 2346 reversus
900 2305 943 2357 es,
966 2305 1068 2366 quam,
1092 2272 1095 2285 ¹

114 2377 300 2440 Macedonia
312 2379 490 2461 (lraeciaque
503 2382 640 2464 receptis,
651 2389 769 2442 centum
782 2382 941 2461 sexaginta
952 2389 1068 2442 morum

114 2475 210 2536 millia
232 2475 341 2548 occidi,
364 2483 462 2538 cudha
482 2479 561 2538 omni
582 2487 726 2560 apparatu
752 2476 824 2539 belli
847 2479 1069 2539 instructissima

50 2609 52 2615 .
112 2572 206 2633 semel
221 2574 386 2656 iterumque
398 2575 476 2657 cepi.

150 2676 204 2731 28.
227 2671 330 2737 ‘Qum
349 2672 450 2732 omnia
468 2690 536 2732 cum
556 2670 655 2730 animo
671 2690 738 2730 meo
756 2670 961 2744 obversantur,
979 2672 1067 2731 ratio-

112 2786 179 2827 ncrn
192 2766 311 2829 consilii
328 2769 372 2827 tui
393 2788 451 2829 non
464 2767 603 2850 expedio,
616 2767 697 2849 quod
711 2788 812 2829 eorum
825 2789 904 2830 nunc
917 2753 1068 2850 purgatio-

113 2882 178 2923 nem
210 2864 373 2937 instituisti,
398 2884 522 2945 quorum
550 2872 639 2925 antee
661 2886 714 2945 per
739 2864 923 2925 Archelaum
952 2866 1069 2926 reniam
1158 2892 1162 2900 ·

112 2962 270 3040 petiveras.
301 2960 353 3020 An
368 2962 469 3040 igitur,
483 2982 572 3042 quem
586 2960 689 3043 procul
704 2970 840 3041 ageuoem
853 2962 990 3033 timebas,
1000 2947 1068 3021 sirm

113 3056 170 3117 buc
194 3057 312 3117 reniae
334 3058 416 3129 reris,
434 3066 469 3119 ut
490 3066 590 3118 tecum
607 3058 727 3137 judicio
747 3058 960 3120 mutenderstt
1005 3057 1068 3119 Sed

111 3154 177 3231 ejus
194 3155 237 3213 rei
248 3153 371 3234 quidem
383 3162 500 3235 tempus
511 3154 585 3215 olim
598 3156 750 3235 preteriit,
764 3174 803 3215 ex
813 3175 874 3235 quo
880 3143 943 3215 ‘tibi
954 3153 1067 3215 bellum

114 3249 253 3315 inferenti
267 3252 436 3322 restitimus,
456 3260 489 3311 et
510 3251 610 3311 donec
627 3272 703 3333 opus
718 3252 776 3311 crit
791 3252 969 3311 resistemus.
998 3248 1066 3311 ·1d-

111 3346 204 3419 circo,
228 3346 275 3407 his
297 3348 422 3417 omium,
446 3346 526 3427 quod
551 3366 642 3409 unum
662 3348 737 3408 scire
759 3348 891 3419 interest,
912 3347 1066 3427 responde.

114 3440 229 3521 Paconi
249 3464 318 3505 curn
332 3442 486 3505 Archelao
500 3443 613 3505 factm
632 3444 755 3525 accipis,
769 3463 806 3504 on
825 3430 976 3504 rscusasl'
1004 3443 1067 3503 hli-
1095 3455 1230 3524 Placsytt.
1289 3486 1294 3494 ,

111 3539 258 3601 thridates
276 3539 421 3602 hwunda
434 3538 530 3621 Syllae
547 3540 680 3601 oratione
697 3542 824 3613 territus,
845 3541 1000 3622 ‘accipere
1017 3535 1067 3600 sc'
1078 3522 1186 3637 ΜΨ·

112 3637 274 3717 respondit.
316 3636 394 3697 'l'um
406 3636 526 3697 demum
543 3637 687 3698 salutarit
698 3658 764 3699 cum
779 3636 879 3718 Sylla,
898 3636 1068 3718 amplexus-

112 3752 172 3811 que
185 3732 381 3795 etosculatus
393 3744 448 3795 cst.
844 3740 848 3749 '

158 3836 211 3891 29.
240 3831 482 3893 Ariobarzanem
516 3828 624 3891 deiude
657 3836 690 3889 ct
723 3826 925 3889 Nicomedem
956 3827 1068 3888 accitos

114 3926 289 3988 Mithridati
308 3926 489 4000 conciliarit,
498 3913 689 4008 reditumque
706 3924 742 3985 iis
762 3924 792 3984 in
814 3944 869 3986 sua
888 3944 981 4004 regna
997 3905 1067 3983 con-
1079 3948 1209 4016 Μρη,
1304 3994 1307 3999 ,

112 4022 196 4085 iecit.
237 4024 367 4085 ‘Asiam
380 4022 587 4085 Romanorum
609 4042 682 4093 esse,
701 4021 745 4083 ita
762 4041 799 4081 ue
817 4022 866 4083 cui
887 4016 1228 4082 civitatidc-F101·11¹·⁶·

111 4121 233 4180 scivisse
247 4121 286 4181 ad
303 4140 402 4200 regem
421 4118 520 4181 fraudi
537 4119 635 4190 emet?
655 4126 843 4179 convenerat.
887 4117 927 4177 Id
944 4136 1003 4177 non
1022 4116 1067 4175 in·
1080 4114 1206 4167 Memm-

112 4225 195 4295 tegre
207 4226 368 4289 serratum,
389 4217 557 4297 multasque
576 4223 681 4296 postea
703 4216 791 4275 urbes
813 4214 985 4276 tributarias
1004 4232 1067 4271 esse

112 4311 211 4397 lactas
223 4314 369 4375 Memnon
383 4335 423 4375 cx
437 4312 593 4376 Heraclea
607 4312 743 4372 Pontica
755 4311 880 4392 scriptor
891 4309 1025 4379 tradidit,
1037 4308 1068 4367 in

115 4418 217 4489 partes
237 4413 333 4491 regias
354 4413 394 4473 ob
416 4430 600 4472 communem
622 4409 747 4491 patriam
771 4408 939 4489 proclivior.
981 4406 1068 4467 Idem
