3300 5225
410 577 512 628 11111
538 579 601 628 cu.
625 574 948 632 sureunuuuruu.
1153 561 1242 631 sels

123 699 358 786 nexusGras'sus
375 723 526 786 forebant.
567 723 662 806 Apud
682 723 759 786 alios
772 726 915 787 restitisse
933 722 1077 787 eatstan
1090 734 1219 786 laecasin

121 819 249 900 college
261 823 388 904 reperio,
401 822 580 901 vectigalem
592 821 690 884 facere
703 823 869 904 AEgyptum
881 822 1026 884 molienti.
1089 800 1239 916 iffigmd‘

167 923 217 981 17.
238 916 318 978 Cum
330 919 387 979 boc
401 927 486 979 tanto
497 929 530 978 st
541 928 604 980 tam,
614 919 735 999 egregio
745 920 810 981 siro
822 940 876 1002 por
887 918 1077 982 osdeurom·
1097 982 1100 992 ,

124 1033 199 1093 pora
211 1013 321 1076 Catoni
335 1024 406 1076 nata
415 1025 461 1077 est
473 1015 625 1077 dissensio.
668 1016 701 1078 ls
713 1018 791 1078 enim
801 1017 973 1098 deprecanti
983 1016 1077 1077 molo·

124 1122 189 1172 tam
201 1112 319 1174 clientis
336 1112 458 1186 Catulo,
471 1114 546 1175 mira
561 1115 719 1176 severitate
732 1115 947 1176 inexorabilem
957 1135 990 1176 se
1001 1133 1077 1195 prse-
1089 1102 1243 1220 33:¹22?

122 1209 211 1268 buit:
232 1229 374 1291 eousque,
395 1219 429 1270 ut
440 1211 590 1271 molestius
610 1211 731 1272 instanti
745 1211 870 1283 diceret,
892 1211 1010 1293 ‘Turpe
1022 1220 1078 1283 est,
1091 1204 1219 1285 Vic'Pad.

126 1303 170 1371 Q.
186 1303 308 1378 Catule,
318 1315 360 1379 te,
374 1326 442 1366 curn
455 1309 496 1368 sis
507 1327 622 1380 censor,
633 1327 652 1368 a
664 1307 738 1368 mei's
749 1308 891 1368 ministris
900 1307 971 1368 bino
983 1307 1080 1388 abripi
1091 1301 1236 1413 mgni

124 1399 278 1464 discedere
291 1403 476 1464 nolentem.''
504 1404 632 1466 Catulus
642 1405 681 1466 ad
694 1406 770 1478 brec,
783 1406 870 1467 labra
879 1425 1012 1476 movens,
1025 1425 1080 1466 nec
1091 1443 1115 1478 e.
1127 1431 1169 1480 ω,
1235 1398 1243 1415 “

123 1509 242 1586 reperto
252 1499 325 1580 quid
338 1501 537 1582 responderet,
551 1501 724 1582 probibente
736 1501 849 1584 pudore
860 1521 976 1574 rocem,
989 1521 1079 1583 quara

125 1597 173 1656 ira
184 1597 370 1678 impellebat,
383 1599 492 1660 tacitus
509 1619 540 1659 se
558 1599 713 1680 proripuit.
752 1598 830 1660 Tam
842 1599 1080 1680 multiplicetis·

124 1701 173 1752 ter
194 1691 357 1756 discordias
374 1695 541 1775 potentium
560 1694 598 1756 0.
612 1696 730 1778 Papius
742 1697 878 1758 tribunus
889 1697 987 1778 plebis
998 1696 1079 1758 baud
1092 1706 1152 1758 Dio.

125 1807 205 1848 rano
227 1797 306 1850 meto
326 1789 544 1852 multitudinem
565 1793 729 1872 ignotorum
741 1792 894 1854 bominum
912 1801 1191 1875 imprimerem

127 1885 252 1958 hebens,
273 1888 454 1967 peregrinos,
469 1889 603 1970 exceptis
615 1889 667 1970 qui
679 1888 764 1950 sedes
776 1889 920 1950 baberent
931 1891 963 1950 in
976 1889 1081 1962 Italis,
1093 1870 1243 1984 Ogfflb,

126 1993 158 2042 et
177 2004 236 2044 uno
254 1985 426 2046 nominatim
445 1985 627 2068 Glaucippo,
643 1987 717 2048 urbe
731 1989 900 2059 summovit,
917 1986 984 2068 lege
1001 1988 1032 2048 in
1049 1987 1080 2048 id
1093 1998 1229 2050 1111111.

127 2080 201 2141 lata.

170 2185 220 2240 18.
241 2177 313 2240 Jam
335 2179 370 2242 L.
390 2180 490 2242 Julius
510 2180 624 2254 Cesar,
646 2181 684 2243 0.
707 2182 843 2244 Marcius
865 2181 992 2262 Figulus
1010 2203 1081 2244 con-
1094 2186 1153 2236 Dio·

126 2275 209 2338 soles
227 2279 353 2347 erant3'
375 2263 444 2340 cum
464 2278 503 2339 0.
527 2278 641 2353 Cesar,
660 2289 695 2340 ut
711 2299 743 2340 se
762 2281 956 2360 experiretur,
976 2288 1008 2340 et
1020 2253 1195 2340 ini-sm·

126 2375 215 2434 micis
238 2393 315 2454 segre
338 2374 462 2447 laceret,
485 2397 645 2458 eorumque
668 2377 846 2438 diminueret
864 2377 1084 2450 anctoritatem,

127 2473 159 2532 in
175 2473 341 2533 exercenda
353 2472 391 2533 de
404 2475 517 2534 sicariis
530 2476 705 2554 questione,
717 2495 770 2536 eos
780 2495 901 2555 quoque
915 2475 1085 2537 doctiorum

126 2589 253 2631 numero
274 2571 392 2643 hebuit,
416 2571 467 2652 qui
490 2573 698 2654 prescriptione
711 2570 849 2655 ¹Syllana
865 2573 907 2633 ob
924 2571 1021 2633 relate
1041 2575 1085 2635 ei·

126 2668 211 2727 vium
238 2666 442 2729 Romanorum
467 2669 569 2750 eapite
599 2670 751 2750 praemium
777 2677 965 2751 acceperant,
990 2690 1085 2750 quant

127 2786 221 2847 quarn
238 2767 359 2847 excepti
378 2765 524 2829 Corneliis
541 2768 657 2847 legibue
673 2776 765 2829 erant.
807 2768 1085 2829 Eonrmbominem

125 2882 249 2924 causam
272 2862 351 2923 Ceto
375 2872 439 2923 tum
464 2873 593 2946 quaestor
616 2865 791 2947 prejudicio
816 2866 981 2947 premebat,
1004 2862 1085 2947 quod
1112 2864 1248 2943 lfflaeca.

128 2961 171 3020 ab
192 2961 229 3021 iis
247 2970 402 3042 acceptam
419 2963 459 3023 ob
478 2962 575 3023 caedes
594 2963 762 3045 pecaniam,
779 2954 992 3045 turpitudinem
1012 2961 1086 3023 lecti
1097 2932 1162 2981 ΜΕ·

127 3058 219 3117 simul
235 3058 424 3121 vehementer
440 3060 632 3140 exprobrans,
647 3070 795 3140 exegerat.
838 3060 891 3121 Sic
902 3059 1012 3122 deinde
1023 3069 1085 3121 tre-

126 3156 275 3218 bebautur
295 3156 334 3217 ad
350 3155 1085 3239 51111111111111111(1111111111111111111111111ὗ
1324 3231 1328 3241 ¹

127 3256 348 3315 tes-sententias
359 3253 543 3315 auferebant.
579 3254 802 3317 Damnatisunt
815 3254 1086 3317 1111111111
1113 3258 1167 3311 cic.
1178 3259 1218 3309 iu·
1241 3291 1244 3302 ι

128 3351 263 3411 centurio
284 3350 438 3431 Syllanus,
451 3330 556 3421 et'mm
568 3351 652 3413 dives
664 3372 705 3413 ex
716 3352 845 3413 victoria
855 3351 964 3424 lactus,
976 3361 1012 3412 ut
1023 3372 1086 3411 am·
1096 3322 1247 3441 ffffiff'

129 3446 211 3529 plius
225 3448 355 3509 centies‘
377 3466 439 3510 rem
456 3450 596 3519 baberet;
618 3450 747 3530 itemque
768 3448 803 3510 L.
819 3448 976 3511 Bellienus
992 3470 1085 3513 arun·
1097 3460 1123 3503 er
1133 3454 1192 3505 Dio.

127 3544 218 3605 culus
236 3545 389 3617 Catilina,
402 3541 454 3628 qui
473 3545 567 3628 Syllae
580 3547 669 3635 jussu
681 3546 855 3607 Lucretium
864 3547 895 3605 in
907 3546 973 3607 foro
984 3546 1086 3608 conio·

128 3640 230 3703 derat:
249 3644 433 3715 mirantibus,
444 3644 552 3723 quibus
564 3644 724 3725 improvisa
735 3664 782 3706 res
794 3643 956 3716 acciderat,
965 3653 1001 3704 ut
1012 3664 1088 3724 quos

127 3738 334 3801 formidabiles
351 3742 432 3822 prius
449 3742 585 3803 omnibus
601 3742 755 3813 vidissent,
770 3741 889 3805 eosdem
901 3741 1086 3811 1111111111ιί-

130 3836 187 3907 les,
209 3836 355 3911 sordidos,
377 3846 523 3919 postremo
546 3840 748 3900 sanctionibus
770 3838 922 3921 poenisque
944 3838 1089 3899 obnoxios

129 3943 295 3993 cernerent.
647 3978 657 3997 .
1076 3985 1081 3995 .

174 4038 224 4093 19.
246 4032 324 4093 Post
342 4052 453 4114 paucos
470 4018 578 4093 deiude
595 4052 710 4095 meuses
728 4054 747 4094 1
767 4031 903 4094 dissimili
923 4040 1089 4112 causapat

132 4127 291 4191 admiratio
314 4127 389 4191 tuit:
415 4128 495 4210 quod
517 4130 564 4191 his
588 4129 751 4201 damnatis,
770 4150 896 4211 quorum
921 4127 998 4189 alter
1021 4127 1087 4187 inti·

136 4226 237 4287 cistas
262 4234 327 4288 eret
350 4225 476 4301 factum,
503 4226 580 4287 alter
608 4228 731 4309 imperio
752 4225 907 4289 dictatoris
937 4232 1087 4307 paruerat,

168 4412 183 4441 ¹
195 4390 228 4461 A.
239 4407 273 4461 11.
282 4410 313 4460 c.
324 4412 382 4459 681
400 4408 434 4459 Α.
445 4410 476 4461 c.
488 4414 530 4462 et.
630 4410 785 4463 nostratium
801 4412 893 4462 tm.
916 4407 1050 4460 ascisrnm
1059 4413 1086 4460 ts

167 4473 307 4539 ‘cratim
322 4476 471 4527 Macetum
491 4476 594 4542 argenti
631 4477 702 4529 Grec.
