3300 5225
896 603 930 651 Τ.
956 603 1050 652 alvu

577 741 781 816 hallucinatio,
798 755 834 806 nt
849 747 1010 808 cautissimi
1030 747 1140 828 quique
1158 746 1284 809 lectores
1300 750 1354 809 rix
1373 747 1529 828 effugiant,

577 841 650 921 quin
660 840 783 902 subinde
792 843 942 904 offendere
951 853 983 904 et
995 843 1196 905 adhaerescere
1204 853 1365 925 cogantur:
1387 865 1483 925 neque
1497 867 1530 904 ae

578 939 701 1019 possint,
715 939 771 1000 nisi
786 939 906 1001 aliunde
923 940 1000 1002 forte
1017 942 1176 1014 sublevati,
1195 941 1234 1002 de
1246 942 1376 1021 *confusa
1392 951 1424 1002 et
1435 953 1531 1004 teme-

579 1037 658 1096 raria
677 1055 785 1110 rerum,
801 1037 948 1099 interdum
964 1048 997 1100 et
1012 1047 1163 1121 pugnante
1180 1059 1292 1113 secum,
1306 1042 1454 1119 congerie,
1473 1061 1531 1100 ex-

416 1231 495 1344 {isam
511 1244 551 1294 ψ·
579 1142 765 1297 &xistis
786 1230 906 1313 quidem
922 1233 1104 1315 temporibus
1125 1202 1297 1294 AEserninos
1315 1231 1428 1314 duplici
1450 1233 1532 1295 lassa

401 1311 552 1412 *dodim
579 1327 718 1409 valloque
738 1329 946 1402 circumdatos,
961 1329 1108 1390 frumento
1127 1329 1229 1401 adeso,
1250 1329 1331 1409 qnod
1347 1351 1386 1390 ex
1403 1332 1481 1410 agris
1500 1333 1531 1391 in

579 1424 720 1506 oppidum
738 1434 956 1507 comportatum
971 1425 1079 1498 inerat,
1100 1425 1140 1486 ad
1159 1435 1325 1486 extremum
1342 1426 1465 1508 periculi
1478 1447 1533 1488 ve·

579 1521 657 1582 nisse
669 1530 782 1582 certum
794 1531 849 1583 est.
891 1520 982 1583 Unde
993 1522 1066 1582 mibi
1075 1522 1417 1604 probabiliscoujectura
1427 1524 1533 1596 oriunr,

580 1627 699 1700 propter
717 1619 847 1700 inopiam
861 1628 1090 1689 commeatuum,
1111 1618 1201 1700 paulo
1216 1627 1283 1700 post
1299 1639 1368 1679 cum
1383 1619 1430 1680 Μ.
1444 1620 1532 1681 blar-

579 1714 658 1795 cello
670 1714 814 1788 deditam,
832 1724 923 1795 atque
940 1714 1010 1776 inde
1027 1735 1190 1794 cognomen
1207 1713 1355 1776 AEsernini
1368 1717 1437 1776 hnic
1454 1714 1534 1775 indi—

580 1819 644 1871 tum
655 1831 737 1875 esse:
758 1832 826 1874 cum
837 1815 904 1892 jam
916 1833 975 1873 non
987 1833 1026 1874 ex
1039 1813 1125 1874 bonis
1136 1822 1251 1874 tantum
1263 1814 1362 1887 rebus,
1374 1813 1427 1874 sed
1441 1815 1534 1874 etiam

581 1927 620 1968 ex
634 1909 763 1971 adversis
780 1911 944 1991 inciperent
958 1910 1069 1991 imponi
1078 1930 1087 1980 ς
1110 1909 1358 1990 quemadmodum
1376 1911 1536 1991 eliquanto

502 2025 558 2074 uin
581 2015 685 2089 postea
697 2006 745 2067 Μ.
759 2005 912 2066 Antonius
923 2026 984 2066 orte
995 2007 1155 2067 maritimae
1163 2005 1402 2068 dissolutissimus
1413 2017 1537 2068 curator

420 2109 430 2141 ¹
447 2094 472 2142 in
508 2108 551 2142 ²¹¹·
581 2112 805 2186 cognomentum
821 2103 933 2164 Cretici
945 2102 1025 2164 tulit.

623 2207 673 2261 54.
695 2199 789 2260 Hanc
801 2198 910 2260 deinde
923 2208 1072 2280 receptam
1087 2219 1105 2259 a
1125 2200 1246 2259 comte
1260 2198 1350 2280 Sylla
1362 2198 1464 2258 urbem
1477 2219 1534 2259 ex-

582 2297 690 2357 istimo.
733 2295 813 2356 Sane
836 2296 867 2356 in
889 2304 1037 2378 potestate
1064 2295 1209 2356 Italorum
1227 2295 1318 2356 luisse
1340 2293 1536 2356 indubitabili

421 2399 498 2450 surb.
510 2412 570 2463 up·
582 2401 755 2473 argumento
766 2401 822 2464 est,
836 2392 915 2473 qnod
928 2413 965 2452 eo
977 2390 1059 2453 bello
1071 2394 1115 2453 sic
1125 2401 1175 2452 est
1186 2391 1309 2464 afflicta,
1322 2402 1357 2451 ut
1361 2394 1428 2472 jam
1443 2401 1535 2452 aetate

419 2469 503 2577 ²qu
583 2488 736 2550 Strabonis
748 2490 827 2550 inter
842 2489 928 2549 nrbes
945 2491 1092 2550 numerari
1106 2488 1238 2556 desierit.
1280 2487 1391 2569 Neque
1408 2507 1481 2549 vero
1495 2489 1541 2552 L.-

365 2601 366 2604 ’
419 2542 569 2645 viniill
582 2585 698 2668 Syllam
711 2587 807 2648 multa
815 2586 898 2648 bello
912 2583 1056 2659 Marsico,
1069 2587 1239 2669 priusquam
1252 2585 1355 2648 consul
1363 2585 1459 2659 lieret,
1472 2585 1536 2647 lor-

419 2660 568 2789 ἓξὲξ·
581 2685 650 2745 tiber
675 2684 862 2766 feliciterque
883 2685 1005 2764 gessime
1026 2686 1204 2764 ignoramus.
1245 2682 1308 2743 Sed
1330 2684 1388 2743 boc
1410 2684 1536 2763 quidem

420 2804 499 2841 cxxv.
582 2783 716 2842 universe
730 2780 875 2842 traditur:
896 2780 969 2862 quid
987 2790 1085 2842 autem
1103 2780 1257 2860 sigillatim
1274 2800 1452 2860 unoquoque
1466 2780 1537 2840 loco

583 2897 620 2939 ac
638 2888 769 2960 tempore
781 2862 895 2949 lecerit,
908 2897 964 2938 nec
975 2877 1105 2939 referunt
1122 2879 1175 2960 qni
1186 2885 1352 2957 supersunt,
1365 2896 1420 2936 nec
1429 2896 1544 2958 super-¹

582 2984 651 3035 sunt
663 2976 715 3055 qui
724 2974 899 3035 retulerunt.

623 3080 673 3133 65.
694 3072 748 3133 Ab
766 3072 872 3132 eadem
891 3090 983 3131 causa
998 3079 1098 3132 cetera
1112 3090 1232 3151 quoqne
1249 3072 1317 3151 ejus
1332 3069 1406 3132 belli
1426 3070 1537 3144 latent,

582 3178 636 3230 ant
647 3189 687 3229 ex
700 3169 840 3229 tortuosis
856 3167 1047 3248 obscurisque
1060 3166 1284 3253 involucrisuvix
1297 3177 1449 3228 eruuntur.
1493 3168 1539 3229 Et

581 3268 646 3326 baec
656 3264 775 3346 quidem
788 3263 947 3325 difficultas
958 3264 1146 3347 quantoplus
1155 3259 1329 3326 infructuosi
1339 3265 1451 3326 laboris
1460 3267 1538 3327 milri

581 3364 713 3445 peperit:
728 3372 812 3424 tanto
825 3356 931 3442 magis,
944 3371 979 3423 ut
990 3382 1154 3443 speramus,
1165 3361 1247 3444 apud
1259 3382 1378 3443 aequum
1391 3362 1537 3424 lectorem

582 3458 716 3541 proficiet
735 3459 774 3521 ad
793 3461 924 3531 veniam,
936 3460 962 3519 si
980 3458 1057 3519 forte
1074 3459 1245 3541 expectatio
1261 3460 1337 3538 ejus,
1360 3476 1538 3537 magnarum

581 3557 760 3637 quandoque
772 3577 869 3619 rerum
882 3557 974 3616 initiis
982 3555 1126 3627 excitata,
1137 3554 1294 3616 deficiente
1302 3556 1428 3615 materia
1435 3556 1539 3615 subito

580 3652 759 3714 destituitur.
787 3652 872 3713 Nam
885 3655 916 3712 iu
930 3671 1020 3732 opere
1031 3651 1186 3713 veritatem
1200 3651 1330 3733 professo
1342 3669 1410 3712 cum
1423 3648 1539 3730 lingere

581 3749 712 3810 alienum
731 3759 763 3811 et
783 3748 941 3832 putidum⁶
961 3750 1017 3819 sitz
1038 3749 1095 3808 nisi
1110 3748 1192 3829 quod
1214 3750 1377 3828 antiquitus
1392 3746 1538 3808 traditum

581 3848 738 3928 reperiam,
751 3846 832 3927 quod
844 3847 967 3907 afferam
979 3866 1037 3906 non
1050 3846 1167 3906 babeo:
1190 3865 1287 3925 neque
1299 3864 1367 3905 raro
1378 3846 1539 3923 contingit,

582 3952 616 4003 ut
629 3944 760 4025 aliquam
774 3945 903 4004 historiae
916 3953 1031 4024 partem
1045 3942 1210 4003 luculenter
1228 3941 1340 4002 alicubi
1355 3928 1539 4022 descriptam

583 4052 698 4113 nactus,
717 4042 848 4103 velutin
869 4042 990 4123 copioso
1007 4049 1039 4100 et
1055 4039 1219 4119 navigabili
1237 4058 1336 4112 amne,
1352 4038 1449 4119 plenis
1461 4038 1541 4098 velia

583 4139 721 4207 irruebam
740 4150 830 4219 atque
850 4136 929 4198 idem
949 4156 1020 4197 mox
1039 4136 1124 4197 velut
1143 4138 1173 4196 iu
1194 4137 1274 4195 sioco
1293 4135 1451 4205 destituar,
1466 4154 1538 4194 cum

583 4233 658 4295 illud
672 4234 791 4309 flumen,
812 4254 892 4295 more
907 4233 1078 4306 multorum,
1099 4231 1167 4313 quae
1181 4242 1337 4314 postquam
1349 4230 1539 4312 aliquamdiu

795 4470 799 4476 ·
860 4450 1013 4503 opedam
1024 4449 1085 4503 edd.
1098 4458 1161 4502 anta
1172 4448 1251 4503 Cres.
