3300 5225
432 591 535 642 eruar
561 591 625 640 cu.
648 591 970 647 surruaunuruu.
1170 578 1261 646 4913

144 731 298 802 Romanoa
311 734 341 792 in
353 752 415 793 aure
426 731 547 794 ditionis
559 734 627 796 loca
639 736 793 816 inupirae'
812 747 963 810 manaa,
977 757 1097 818 gravem

143 829 270 892 inatiurit
290 849 343 910 per
363 828 478 909 legator
488 831 723 911 querimoniam
746 831 822 894 illud
842 834 933 895 etiam
955 835 1032 896 inter
1050 834 1097 896 ol·

143 924 419 999 lemas'numerana,
434 926 534 1006 ‘qnod
543 947 576 988 re
585 947 685 1007 regem
696 949 798 1008 regum
810 929 958 1012 appellari
967 929 1097 1003 nclitum,
1110 937 1176 989 Plut
1186 936 1244 988 Dio.

143 1021 309 1103 Pompeius
321 1024 350 1082 in
360 1023 494 1104 epistolia
506 1025 712 1087 tantummodo
724 1047 823 1106 regem
834 1009 1017 1090 nominaret!

183 1125 216 1180 3.
237 1119 354 1179 Eadem
366 1120 473 1200 hyeme
490 1119 691 1182 lirmiaaimum
708 1123 867 1186 cutellum
888 1123 1098 1206 (symphorin

142 1215 238 1284 tichos
249 1215 411 1291 vocabant)
434 1216 465 1276 in
482 1237 544 1297 quo
563 1217 694 1280 thmuri
717 1219 903 1282 Mithridatia
921 1228 1018 1292 erent,
1031 1219 1098 1282 Ito·
1111 1226 1176 1277 Plut·

143 1311 384 1383 montumano
403 1311 585 1385 Stratonice,
606 1325 789 1397 receperunt.
831 1317 881 1378 Ea
897 1319 928 1378 iu
946 1319 1097 1380 nauimo-
1111 1291 1233 1408 ffiffin

143 1407 225 1468 nium
247 1408 325 1488 regia
344 1429 384 1470 ex
409 1409 515 1471 humili
535 1410 654 1473 foruna
672 1424 805 1486 venerat,
823 1433 893 1476 cum
917 1413 1048 1495 parilem
1067 1415 1097 1474 in
1111 1421 1178 1471 Pur.
1217 1473 1224 1481 ,

143 1506 280 1575 convivio
302 1505 471 1586 placuisset.
527 1505 661 1570 (lectoria
676 1510 757 1570 enim
774 1513 854 1572 nenia
877 1520 908 1571 et
925 1509 1098 1592 pauperculi

142 1611 209 1662 erat
230 1600 312 1663 filia:
334 1602 387 1662 sed
410 1611 529 1684 repente
550 1604 581 1664 in
604 1605 705 1667 cubile
725 1607 802 1687 regia
822 1617 956 1690 recepta,
974 1615 1098 1689 ,patrem

143 1699 577 1780 quoquedivitiiacumulavit.
1041 1703 1044 1712 ’

181 1805 213 1858 4.
236 1795 383 1858 Nondum
395 1798 468 1881 retia
478 1807 562 1860 certa
574 1797 642 1860 haee
654 1799 781 1860 minutri
793 1800 868 1878 regii
877 1789 975 1862 reaten
988 1802 1097 1882 pretio-

141 1914 201 1967 sae,
209 1915 283 1958 vara
295 1915 387 1956 auree
398 1904 432 1956 et
442 1886 673 1975 argentea‚eum
686 1895 748 1957 alia
759 1897 948 1978 supellectile
958 1897 1098 1978 plurima,

142 1991 263 2058 manum
286 1993 352 2072 ejus
376 1991 549 2054 attulerunt.
604 1991 724 2060 Quibur
745 1995 923 2074 conspectis,
946 2014 1049 2066 senex,
1069 2004 1101 2056 et

142 2107 198 2154 eut
210 2109 272 2150 eree
286 2087 421 2160 audiena,
434 2089 564 2150 ludibrio
575 2109 608 2150 re
619 2097 701 2150 ratur
712 2088 828 2161 haberi,
841 2091 991 2173 proripere
1003 2112 1036 2154 re
1048 2111 1101 2173 per

107 2189 118 2198 “
142 2187 249 2254 natium
262 2185 379 2247 voluit:
399 2185 496 2248 donec
516 2186 724 2257 retinentibue,
742 2185 979 2268 dooentibuaque
1001 2186 1099 2250 ‘divi-
1187 2257 1190 2264 ¹

47 2311 53 2318 ·
144 2282 182 2348 ὼ
201 2281 358 2362 cujuedam
377 2281 581 2344 hereditatem
604 2279 751 2344 beneficio
771 2283 849 2362 regia
870 2283 988 2358 donari,
1008 2291 1100 2366 atque

141 2379 207 2442 hec
220 2378 306 2439 initia
318 2388 435 2441 tentum
447 2399 510 2442 eree
523 2379 642 2440 honoria
662 2387 695 2440 et
712 2397 815 2460 opum,
830 2399 906 2459 quaa
929 2399 999 2442 mox
1023 2391 1101 2442 emet

142 2475 317 2546 habiturus:
337 2477 390 2536 vix
409 2475 531 2537 tandem
548 2474 696 2546 credidit:
717 2483 804 2538 tanto
826 2477 961 2558 parsurus
978 2477 1099 2558 gaudio,

145 2580 180 2633 ut
190 2571 401 2653 propemodum
415 2571 454 2634 de
467 2580 615 2655 potestate
625 2572 731 2633 exiret

185 2677 215 2731 5.
237 2669 318 2729 Sane
327 2690 488 2751 purpuram
501 2670 632 2741 indutum,
646 2679 841 2751 prosequente
852 2670 974 2751 copiosa
986 2670 1100 2735 familia

144 2787 199 2847 per
223 2768 326 2827 urbem
348 2767 555 2847 obequitabat,
577 2767 745 2840 clamitem,
777 2767 885 2831 ‘Huc
910 2769 1011 2831 omnia
1032 2789 1101 2841 mea

143 2864 242 2927 runtr'
261 2873 295 2925 et
314 2864 477 2927 ridentihua
495 2866 603 2939 obriia,
634 2865 688 2927 ‘id
711 2866 817 2927 mirum
839 2866 922 2929 eree'
951 2868 1098 2947 negabat:

145 2960 219 3020 ‘aed
231 2960 313 3042 quod
326 2972 512 3023 occurrentes
523 2964 582 3023 eibi
592 2982 654 3043 praa
674 2963 766 3024 nimia
777 2962 934 3044 voluptate
953 2963 1101 3045 lapidibus

145 3077 204 3119 noo
226 3058 403 3119 incestaret?
445 3059 519 3121 Hoc
531 3069 601 3120 anat
613 3070 645 3121 et
657 3071 779 3141 ponunt
789 3060 915 3135 divitie,
936 3062 1041 3143 hicque
1055 3065 1099 3123 in-

144 3155 545 3229 terdummodiailluduntur
563 3168 596 3219 ct
614 3158 753 3219 illudunt.
1062 3176 1066 3183 '

184 3261 216 3315 6.
239 3254 302 3317 Ille
314 3274 385 3334 ergo
400 3253 579 3326 Stratonice,
593 3254 729 3317 relictam
742 3275 774 3315 ae
786 3263 818 3314 et
830 3256 915 3335 quasi
933 3254 1103 3333 neglectam
1113 3292 1171 3343 Die.

145 3374 165 3413 a
177 3372 246 3433 rege
259 3352 375 3424 dolena,
395 3352 522 3413 aalutem
544 3353 694 3433 Xipharia
706 3361 807 3434 pacta,
819 3372 909 3432 quem
931 3350 1099 3415 Mithridati
1111 3373 1219 3447 Appiae,

145 3459 311 3530 pepererat,
330 3449 356 3512 ai
375 3449 452 3511 lorte
473 3450 602 3511 venisset
622 3450 654 3511 in
681 3458 857 3531 ponentem
881 3448 1099 3542 Romanorum,

145 3544 302 3610 camilon
323 3547 535 3627 thesaurosque
560 3547 713 3628 Pompeio
737 3546 873 3620 tradidit,
904 3546 1005 3609 multia
1026 3568 1046 3609 e
1068 3569 1099 3611 aa

147 3643 276 3724 adjectia
289 3645 466 3706 muneribus.
508 3643 656 3706 Validum
669 3646 699 3705 in
715 3664 782 3705 arce
795 3646 964 3727 proeeidium
978 3646 1099 3708 Mithri·
1111 3671 1177 3721 pm

111 3760 115 3767 ’
145 3739 232 3802 datee
248 3740 418 3822 reliquerat.
461 3740 523 3801 Sed
545 3741 650 3802 mulier
665 3744 830 3822 composite
846 3740 917 3801 dolo
939 3744 1098 3803 maximam
1111 3769 1171 3821 Die.

145 3840 212 3916 ejua
233 3846 345 3918 partem
368 3858 421 3918 per
438 3856 558 3899 cernam
581 3837 750 3899 advehendi
771 3844 954 3899 commeatus
980 3839 1098 3899 emisit:

145 3932 255 3993 deinde
278 3932 427 3995 Romania
448 3932 529 3994 haud
555 3933 660 4016 procul
682 3932 751 3993 inde
777 3933 966 3993 latitantibus
985 3936 1101 4015 aperuit

146 4037 256 4109 portae.
298 4029 477 4110 Pompeius,
495 4030 600 4091 ablata
621 4030 760 4111 monia,
774 4049 843 4110 qum
862 4030 1050 4093 subterraneo
1069 4033 1099 4093 iu
1111 4048 1219 4114 Appiae.

144 4144 238 4207 apeeu
248 4127 325 4186 raaia
338 4127 429 4187 aeueie
441 4126 520 4187 ferro
530 4127 641 4187 vinetia
653 4128 757 4206 ignota
768 4125 859 4207 vulgo
873 4126 1056 4201 servabatur,
1069 4136 1100 4189 et
1110 4134 1177 4197 Prae,

145 4241 186 4281 ex
199 4224 369 4283 muneribus
388 4223 469 4303 quod
485 4223 603 4285 ornatui
623 4222 800 4303 templorum
818 4233 871 4285 eut
891 4224 1032 4303 triumphi
1048 4244 1099 4287 ao-

144 4320 369 4381 commodatum
387 4320 559 4389 videbatur;
581 4328 682 4380 cetere
701 4320 811 4379 habere
833 4320 1021 4381 Stratonicen
1034 4322 1099 4401 jua-

146 4416 195 4478 ait.
250 4417 312 4477 Sed
337 4416 506 4507 nee-illam,
519 4438 578 4494 nec
600 4418 735 4499 quemvis
756 4416 848 4479 aliam
871 4418 1017 4497 regiarum
1037 4438 1099 4483 mu·
