3300 5225
372 561 476 612 nunni
502 555 1029 612 nxxxrn.·sonrnnrrnnnun.
1148 533 1258 602 46⁴⁹

165 707 239 762 Ἣ.
268 699 394 762 Nullum
419 699 571 762 infirmius·
583 698 624 760 ad
643 697 982 767 iidemvinculumsst,
1002 711 1093 775 quarn

144 799 228 878 quod
240 800 381 860 societate
393 799 536 860 scelernm
549 797 737 878 astringitnr3
759 817 815 863 ncc
827 794 911 856 alind
929 794 1028 865 citius,
1042 801 1096 854 ant

142 894 316 974 poeuitentia
335 895 546 968 tolerabilium,
569 903 622 955 sut
640 893 763 956 levitate
786 891 977 975 perditorum,
995 899 1094 950 muta-

141 992 219 1055 bile.
261 993 305 1054 Et
317 1013 375 1054 non
388 993 521 1064 deerant,
533 993 584 1073 qui
603 1012 655 1072 spe
677 991 863 1072 praemiorum
880 1009 900 1048 a
920 987 1007 1069 Sylla
1027 1006 1093 1046 cor-

143 1089 238 1170 rupti,
263 1097 376 1150 ceteros
397 1090 488 1149 etiam
518 1089 557 1148 ab
585 1089 728 1167 obsequio
757 1087 896 1146 Fimbria
921 1077 1249 1192 ‘'eumn‘'viruiiiul‘n

110 1185 246 1266 ¹:Igitur
258 1188 365 1268 passim
387 1195 451 1248 toto
471 1185 613 1246 concione
633 1185 778 1245 clamores
799 1183 970 1252 audiuntur,
990 1189 1132 1255 contrai,
1143 1177 1257 1260 m]

143 1287 332 1347 civesarms
353 1303 468 1344 sumere
489 1283 667 1362 negantium.
721 1280 798 1340 Tum
820 1279 873 1340 illa
893 1277 933 1340 de
953 1276 1094 1339 tribunali
1106 1272 1217 1338 ΛΡΜ·
1261 1355 1266 1364 .

142 1380 295 1452 desiliens,
309 1381 400 1441 scissa
410 1381 513 1440 tunica
524 1373 706 1458 singulorum
718 1377 842 1460 pedibus
854 1375 1032 1438 advolvitur.
1054 1372 1094 1434 Id

142 1497 264 1558 quoque
283 1476 392 1537 frustra
411 1475 541 1536 factum:
563 1482 705 1555 tantoque
726 1473 824 1554 plures
843 1472 945 1553 palam
966 1469 1094 1532 maln-
1104 1482 1193 1599 {ppt}
1194 1548 1239 1614 1²¹¹·

142 1581 259 1651 gerunt.
286 1573 383 1652 *Ergo
397 1571 540 1643 Fimbria,
554 1573 735 1632 tribunonrm
753 1569 1016 1651 praefectorumque
1035 1567 1093 1628 cir·
1105 1613 1225 1680 Appia..

141 1669 264 1730 sumitis
275 1669 421 1740 tentoriis,
429 1668 580 1748 multaque
591 1667 718 1749 pecums
729 1667 898 1740 distributa,
908 1689 977 1729 cum
986 1669 1095 1731 iterum

142 1765 247 1828 vocari
260 1767 433 1828 concionem
448 1765 595 1844 jussisset,
608 1763 818 1844 jusjurandum
841 1785 862 1824 a
879 1764 1024 1825 militibus
1041 1786 1094 1827 ex·

143 1861 224 1942 igere
240 1865 356 1943 coepit..
383 1861 592 1924 Occlsmatum
604 1881 624 1922 a
635 1861 812 1943 quibusdam
825 1870 881 1933 est,
902 1865 1095 1925 ‘nominatim

140 1955 275 2037 singulos
286 1959 326 2018 ad
334 1957 495 2039 iurandum
507 1959 593 2019 citari
606 1960 763 2039 oportere!
802 1957 880 2018 Tum
892 1958 945 2019 ille
960 1958 1097 2021 Nonium
1206 1981 1212 1991 ’

140 2056 231 2120 citari
247 2057 377 2137 primum
399 2057 530 2117 omnium
548 2057 650 2137 jussit,
668 2057 698 2116 in
712 2075 800 2138 quem
814 2055 941 2136 plurim
952 2056 1098 2122 beneficia

119 2187 122 2194 =
139 2152 323 2226 contulerat,
337 2154 467 2214 omniurn
479 2152 667 2214 consiliorum
680 2151 903 2234 facinorumque
912 2154 1096 2245 participem.

141 2249 208 2312 Sed
222 2252 278 2312 iste
291 2271 409 2331 quoqne
418 2252 521 2331 jurare
534 2250 703 2311 abnuebat:
717 2259 749 2311 et
760 2271 829 2310 cum
839 2249 984 2322 Fimbris,
996 2253 1099 2313 stricto

141 2347 270 2428 gladio,
287 2367 389 2408 necem
415 2349 575 2409 intentaret
596 2349 720 2419 bomini,
744 2348 863 2408 fremitu
883 2349 1035 2410 concionis
1054 2359 1100 2410 est

140 2445 312 2512 deterritus.

185 2548 238 2602 3³.
261 2541 361 2622 Igitur
372 2541 416 2602 in
441 2541 531 2602 tanda
556 2560 653 2602 rernm
676 2541 829 2621 angustiis,
859 2563 928 2604 cum
957 2543 1097 2604 incolumi

145 2639 238 2721 Sylla
250 2660 282 2700 se
296 2638 472 2701 incolumem
493 2660 557 2699 esse
578 2639 824 2701 animadverteret
841 2660 899 2712 non
911 2662 996 2723 posse
1005 2664 1022 2711 ς·
1036 2662 1097 2703 ser-

140 2756 250 2799 vorum
271 2737 401 2818 aliquem
424 2738 550 2797 nummis
570 2736 649 2797 datis
671 2738 873 2819 promissaque
895 2739 1031 2801 libertate
1051 2742 1098 2801 in·

141 2834 244 2906 duxit,
258 2842 292 2893 ut
304 2834 344 2895 ad
358 2832 474 2915 Syllam
488 2832 722 2895 interficiendum
742 2838 841 2917 specie
863 2836 993 2918 perlngoe
1007 2838 1097 2921 proti-

143 2932 317 2993 cisceretur.
358 2928 420 2990 Sed
434 2931 547 2991 insidiae
564 2950 640 2993 cum·
652 2932 804 2991 minimum
822 2952 842 2991 a
855 2935 1022 3013 patratione
1044 2938 1098 2996 ab·

142 3026 282 3099 suiment,
294 3026 491 3109 trepidatione
504 3028 629 3109 primum
643 3028 832 3101 insidiatoris,
844 3029 954 3091 deinde
969 3035 1097 3113 correpti

143 3124 185 3184 ob
206 3123 284 3187 benc
307 3127 470 3197 tormentis,
487 3124 644 3206 patefacta
662 3134 740 3187 sunt.
762 3125 861 3189 ·'l'um
874 3148 944 3189 vero
956 3148 1098 3191 accensas

142 3220 191 3282 irs
205 3238 209 3247 ’
225 3220 367 3303 Syllanus
399 3224 547 3283 exercitus
577 3220 770 3283 circumstetit
799 3224 940 3285 Fimbriae
953 3246 959 3259 ·
972 3226 1096 3298 vallum,

145 3316 394 3379 ‘Athenionem’
415 3317 604 3401 appellando,
625 3337 686 3399 quo
705 3322 823 3382 nomine
836 3342 931 3404 nuper
946 3322 978 3382 in
990 3322 1097 3384 Sicilia

143 3412 289 3493 fugitivus
301 3415 423 3495 quidam
435 3434 596 3497 pancorum
609 3418 725 3479 dierum
735 3438 857 3499 ragnum
866 3420 1044 3481 obtinuerat

164 3550 170 3559 -
183 3516 234 3573 ³4.
258 3510 378 3573 Idcirco
391 3511 535 3584 Fimbria,
548 3509 601 3595 spe
615 3514 735 3595 abjecta
747 3517 913 3590 resnmndi,
927 3536 1095 3599 progressos

141 3608 173 3667 in
185 3604 313 3679 vallum,
326 3606 506 3688 colloquium
527 3608 620 3691 Syllae
638 3614 728 3695 ooepit
739 3633 910 3695 exposcere.
952 3612 1014 3674 Sed
1025 3614 1095 3675 Ru-

141 3702 226 3763 tilius
239 3703 336 3776 affuit,
350 3724 460 3766 saernm
479 3706 619 3769 Fimbriae
631 3729 729 3781 omen,
743 3713 795 3790 qui
817 3709 891 3770 nibil
909 3714 975 3791 jam
996 3732 1036 3773 ex
1056 3732 1094 3772 eo

142 3799 205 3861 ltcti
218 3802 428 3879 augurabatur,
446 3801 527 3882 quod
548 3823 584 3863 ne
608 3805 637 3866 in
657 3804 838 3887 colloquium
857 3808 978 3887 quidem
997 3806 1092 3889 sylla

141 3896 437 3968 admitteretur,rem
455 3918 510 3959 nec
530 3898 665 3963 hostibus
676 3901 815 3983 denegari
827 3904 955 3965 solitam.
998 3904 1093 3965 Orsus

142 4000 242 4055 umen
255 3993 476 4055 excusationem
496 4004 529 4055 et
548 4016 661 4078 preces,
682 4000 728 4073 ‘si
750 3999 822 4081 quid
845 4002 1037 4083 peccavisset,
1050 4000 1092 4061 ‘id

143 4088 364 4151 adolescentie
380 4110 441 4152 sose
462 4092 646 4174 condonari,'
676 4097 771 4180 petiit.
810 4096 1016 4180 ‘Responsum
1034 4108 1258 4172 est,ve11.11.tt.

144 4192 155 4221 ‘
168 4184 251 4248 Asiae
265 4189 469 4268 proconsulem
482 4189 600 4273 Syllam
611 4212 692 4255 esse:
713 4196 738 4255 si
751 4194 845 4257 vellet
863 4195 961 4258 aliana
972 4198 1090 4278 provin·
1101 4210 1209 4281 Appiae.

141 4283 194 4343 cia
215 4283 372 4359 decedere,
391 4295 485 4349 tutam
504 4288 532 4349 ei
552 4288 760 4371 profectionem
782 4293 822 4354 ad
844 4311 924 4357 mars
945 4294 1090 4357 beneficio

144 4378 241 4461 Syna
253 4383 335 4442 lore!
378 4383 437 4445 llle
459 4386 561 4449 'viam
580 4389 637 4449 sibi
660 4390 812 4452 meliorem
831 4396 951 4473 patere’
970 4392 1088 4454 interla-

211 4494 296 4563 nupt
305 4502 330 4548 et
343 4496 401 4549 Vrr.
413 4499 477 4549 Clcr.
638 4502 730 4555 biciso
1113 4512 1144 4560 lt
1160 4510 1187 4562 15
