3300 5225
883 610 919 659 Τ.
942 610 1038 661 Ltvtt

604 745 655 801 ιο.
677 738 761 801 ‘His
781 738 868 802 rebus
887 737 1112 821 ucudesperern
1133 734 1250 801 tumdiu
1268 737 1364 799 resisti
1383 736 1515 799 bostibes

563 858 660 919 porse,
667 836 762 899 donec
773 836 907 899 Fortun
918 837 1035 917 operiet
1046 836 1162 897 meliori
1172 837 1236 917 spei
1250 835 1360 901 locum.
1403 835 1514 909 binim,

562 954 631 997 cum
643 934 800 1017 desperate
812 954 867 1015 pro
879 933 1092 995 inssusbilibus
1103 942 1211 1006 cuent.
1221 934 1320 995 mbito
1330 934 1435 1014 eliquo
1445 953 1516 995 cen

563 1030 793 1095 commodiorem
813 1031 845 1091 iu
862 1039 972 1093 stenem
984 1029 1109 1092 reductu
1119 1042 1199 1092 suut.
1241 1029 1360 1111 Aliquo
1372 1032 1451 1091 iuter
1461 1030 1515 1093 d»

563 1148 614 1191 ces
630 1126 770 1191 lectionis
787 1128 896 1189 obortu
911 1127 1052 1208 suspicio,
1071 1148 1118 1189 res
1139 1127 1221 1209 opud
1233 1147 1341 1210 prercs
1351 1136 1385 1189 ot
1396 1126 1518 1191 aulo·

563 1225 698 1305 vulgum,
709 1224 837 1286 mutsbit
847 1224 966 1285 omnis:
987 1224 1083 1305 ipsum
1097 1224 1191 1285 Urbis
1203 1224 1368 1307 periculum
1381 1224 1518 1287 iuritsbit

563 1321 683 1395 multos,
697 1330 731 1383 ut
743 1321 873 1383 misereri
892 1330 924 1383 et
942 1341 1111 1383 succurrere
1123 1322 1238 1383 reliut:
1258 1331 1291 1383 et
1309 1331 1382 1385 suut
1398 1322 1518 1402 egrcgis

563 1440 632 1479 cum
651 1417 703 1479 ulii
723 1418 839 1500 populi,
859 1428 922 1480 tum
935 1419 988 1499 qui
1000 1418 1186 1500 Cisulpiuem
1199 1418 1336 1481 Gslliem
1352 1418 1471 1489 colunt,
1489 1420 1518 1479 ‘m

563 1536 626 1576 rem
649 1514 819 1577 Romunem
840 1514 921 1585 lide;
941 1534 1131 1595 summoque
1149 1524 1250 1577 noster
1269 1515 1364 1598 pudor
1382 1514 1518 1587 tomes

563 1612 676 1674 diutius
688 1612 755 1673 illos
769 1612 952 1684 Ariminum,
964 1632 1055 1694 quem
1067 1612 1198 1674 (liuusm
1214 1623 1248 1675 et
1259 1613 1404 1686 Herium,
1415 1612 1518 1675 deien-

564 1707 703 1771 dentibus
722 1712 817 1783 nobis,
832 1710 934 1774 Rorue
955 1720 1096 1773 moretur.
1138 1709 1174 1773 si
1196 1710 1282 1773 ιιιιΙιι
1301 1732 1371 1793 spes
1388 1713 1431 1772 sit
1446 1710 1519 1781 elie,

565 1804 682 1885 Syllum
695 1827 880 1869 revocemus:
901 1816 955 1869 sut
970 1807 996 1867 si
1012 1808 1077 1867 brec
1089 1826 1209 1888 qnoque
1228 1806 1427 1869 intolerabili
1437 1828 1521 1871 moro

564 1901 711 1975 viduabit,
732 1906 788 1986 ipsi
808 1904 907 1986 potios
926 1902 1125 1969 concedemus
1144 1906 1229 1965 noris
1245 1904 1454 1986 civibusquod
1467 1926 1519 1987 pe·

564 2009 642 2063 tunt.
678 2002 742 2063 Ubi
755 2012 889 2063 seueuuu
901 2000 1103 2085 populumque
1115 2002 1270 2063 bsbebunt
1280 2003 1369 2084 buJue
1379 2002 1520 2065 melicii

564 2108 710 2170 coctores,
725 2098 855 2160 Ciunern
872 2109 904 2161 et
918 2108 1032 2161 ceteros
1042 2098 1178 2179 ejusdem
1190 2100 1280 2161 sortis
1290 2120 1350 2161 uon
1363 2099 1445 2161 ultre
1455 2119 1518 2161 mo

564 2196 727 2257 rabuntur?

604 2300 655 2355 21.
678 2294 801 2357 Frustre
822 2294 918 2355 brec
910 2313 941 2353 ru
966 2301 1050 2355 tento
1075 2292 1206 2376 plurium
1225 2302 1307 2355 metu
1333 2292 1520 2355 dicebantur.

401 2406 448 2457 Plu
450 2406 540 2457 emir.
566 2390 684 2453 Idcirco
697 2411 766 2453 curn
779 2391 891 2472 legutro
901 2390 1120 2463 decerneretur
1134 2391 1177 2460 Q
1199 2391 1356 2463 Metellus,
1372 2390 1458 2451 urbis
1472 2410 1520 2450 sn»

401 2540 492 2601 ρ..898

418 2471 527 2535 Appen
566 2487 628 2551 luto
647 2490 815 2570 desperas,
836 2498 870 2549 ut
892 2488 1064 2549 melioribus
1084 2509 1117 2551 se
1138 2490 1323 2571 temporibus
1333 2498 1477 2560 servaei,
1489 2490 1519 2556 in

418 2600 476 2650 Liu
452 2600 554 2666 vEpir.
567 2586 689 2668 Ligures
701 2588 840 2670 primum,
853 2586 963 2650 deiude
974 2608 1015 2650 ex
1029 2587 1208 2668 liguribus
1199 2607 1231 2649 ιιι
1245 2586 1383 2652 Africum
1395 2596 1441 2649 est
1452 2606 1520 2668 pru-

404 2681 440 2717 tx
442 2682 517 2716 XXXXX

565 2686 671 2748 iectus.

419 2793 527 2860 Appia.
607 2791 657 2846 22.
679 2783 817 2865 logntos,
830 2785 999 2865 priusquam
1012 2783 1256 2866 inciperentleri,
1271 2782 1308 2846 L.
1320 2781 1521 2846 cinneinten

405 2875 433 2926 p.
444 2865 502 2910 sou.

568 2882 695 2960 rogarit,
717 2882 776 2943 ‘ed
786 2881 986 2952 consulem,
1001 2901 1040 2941 ιιι
1053 2902 1124 2943 veru
1135 2881 1176 2943 ed
1194 2882 1342 2963 privetum
1353 2881 1521 2942 venirentl’

566 2978 762 3041 Haerenlibus
788 2979 860 3050 illis,
885 2977 995 3040 deiude
1025 2978 1065 3040 ud
1089 2977 1302 3042 consulendum
1328 2987 1466 3040 senetnm
1491 2979 1522 3038 in

565 3077 682 3137 Urbem
702 3076 837 3149 renerio,
857 3095 966 3156 mussue
984 3077 1075 3137 etiem
1093 3077 1286 3155 ingenuorum
1297 3075 1407 3136 civium
1419 3075 1521 3136 multi·

564 3173 639 3234 tudo
657 3173 696 3234 ed
719 3173 849 3235 Cinnam
869 3194 901 3234 se
922 3173 1069 3234 contulit:
1091 3173 1178 3234 multi
1199 3172 1309 3234 lmuern
1327 3173 1433 3240 veriti3
1455 3192 1522 3253 pum

565 3274 661 3351 major
678 3273 745 3350 jem
766 3282 836 3332 ente
858 3271 918 3332 illis
939 3272 1075 3352 portibus
1098 3269 1233 3341 uddietu,
1254 3279 1287 3331 et
1308 3269 1347 3330 ed
1368 3269 1523 3330 nudandos

565 3369 678 3430 enimes
690 3378 857 3450 opportune
875 3378 1011 3450 tempore
1028 3376 1164 3449 cupteus.
1207 3367 1285 3428 lude
1305 3365 1432 3428 mirifice
1451 3387 1521 3429 con·

566 3465 699 3527 firmatus
720 3465 944 3539 animemus,
965 3467 1022 3528 sub
1043 3467 1116 3548 ipsis
1137 3465 1282 3527 moeuibus
1303 3464 1415 3526 Romee
1435 3475 1523 3526 extre

561 3565 680 3642 jectum
697 3562 751 3626 teli
771 3563 917 3624 consedit.
960 3562 1032 3624 Nec
1051 3565 1131 3624 enim
1144 3563 1292 3624 Octerius
1309 3563 1442 3640 objicere
1460 3583 1523 3623 sese

566 3659 708 3732 cudebat,
718 3661 887 3739 transfugiis
899 3668 931 3720 ct
941 3660 1139 3738 legetiouibus
1147 3681 1234 3722 omne
1246 3659 1357 3721 bomini
1365 3660 1523 3722 consilium

567 3777 743 3839 omnemque
757 3756 972 3840 propemodum
984 3767 1112 3819 mentem
1125 3757 1327 3839 eripientibus.

608 3859 659 3916 28.
681 3853 806 3916 Senatui
826 3874 885 3914 uon
905 3854 974 3937 plus
993 3857 1170 3927 animorum,
1183 3875 1274 3936 quem
1288 3854 1423 3916 Octevio
1434 3875 1523 3935 supe

568 3962 655 4014 reret.
698 3952 826 4012 Oiuuern
840 3972 894 4033 pro
904 3952 1027 4014 cousrrle
1040 3953 1163 4024 bebere,
1174 3951 1206 4012 id
1218 3972 1291 4013 rero
1303 3961 1370 4013 erut
1379 3961 1524 4014 ermeno·

569 4067 632 4110 rure
648 4048 809 4120 Nerulum,
820 4069 908 4130 quem
917 4049 1105 4110 sanctissimo
1112 4049 1280 4110 sacerdotio
1286 4047 1524 4130 pruditum,siue

569 4144 633 4206 ulle
643 4167 699 4206 ιιιι
710 4146 812 4228 culpa,
829 4149 912 4226 juste
928 4147 1022 4228 pertis
1034 4147 1193 4207 honoribus
1204 4146 1276 4206 exui
1288 4147 1386 4215 triste
1407 4155 1523 4216 contre

571 4241 676 4303 Cinuae
695 4263 753 4303 non
773 4244 896 4324 obsequi
909 4244 1066 4308 exitiosum
1087 4244 1265 4304 bebebetur.
1307 4242 1524 4304 Utrebustre·

424 4355 500 4406 Diod.
510 4369 550 4420 sp.
570 4339 647 4420 pidis
658 4339 745 4411 solet,
759 4342 883 4400 utrlrbus
895 4343 1017 4401 bonestu
1028 4350 1196 4402 cesserunt
1217 4340 1302 4404 etL.
1317 4340 1523 4402 Merulecou·

407 4419 465 4472 vo.

570 4435 614 4494 sul
619 4439 751 4516 ,egregii
770 4439 844 4498 ciris
863 4436 961 4500 officio
978 4438 1107 4510 innotus,
1121 4439 1245 4500 verbis
1238 4460 1268 4499 ru
1287 4448 1404 4510 senetu,
1417 4437 1524 4499 deinde

571 4531 610 4592 ed
632 4534 773 4614 populum
792 4534 922 4608 luctis,‘
933 4534 1001 4615 Ego
1022 4537 1115 4609 vero,’
1135 4537 1283 4618 iuquit,‘
1293 4537 1319 4598 si
1340 4546 1450 4620 praeter
1472 4538 1525 4596 bos
